2110 3279
245 382 471 433 systemata.
506 381 623 421 nulla
653 382 917 434 symmetrica
948 379 1286 427 conformatione3
1331 388 1435 429 quae
1466 388 1560 417 cum
1592 376 1680 417 iure
1711 377 1762 417 ab

177 492 181 496 .
246 446 439 499 Euripide
470 447 704 488 abiudicata
733 448 952 489 videantur
982 460 1063 487 non
1092 447 1208 499 plura
1239 445 1360 485 erunt
1390 442 1573 483 dicenda.

355 512 605 554 Accedimus
652 514 704 554 ad
745 515 985 561 Hippolyti
1035 512 1236 560 fabulam,
1297 511 1339 550 in
1386 520 1467 561 qua
1523 510 1764 562 anapaestos

247 578 407 629 generis
437 590 577 619 eorum
604 580 673 631 qui
703 579 928 620 recitantur
956 579 1026 619 ubi
1055 589 1160 619 nova
1179 587 1351 630 persona
1380 575 1422 615 in
1448 587 1642 615 scaenam
1672 587 1764 627 pro-

234 644 369 684 cessit
410 655 444 683 v.
480 648 706 697 170—175,
735 647 927 686 secuntur
956 645 1174 685 amoebaea
1203 642 1414 683 Phaedrae
1444 641 1687 682 insanientis
1725 643 1765 681 et

246 709 419 750 nutricis
450 710 680 762 mitigantis
710 711 973 763 hypermetra
1004 723 1072 751 sex
1100 711 1220 750 haec:

311 827 357 863 T.
463 825 1335 867 corformrmzm.
1621 825 1667 863 T.

166 903 339 972 —345
370 904 418 945 τ*
474 884 566 957 ’ξᾷ
643 907 694 956 42}
753 907 804 957 2³2
865 908 886 944 7
962 908 985 945 5
1063 908 1087 945 4
1157 901 1204 943 7³⁵
1267 900 1366 953 1021*
1595 899 1695 953 153*

250 1117 377 1158 Nulla
411 1117 540 1168 igitur
575 1118 832 1168 singularum
871 1116 1169 1169 particularum
1207 1116 1373 1166 apparet
1414 1114 1620 1166 responsio
1658 1114 1766 1154 anti—

250 1184 531 1237 systematica‚
573 1184 670 1224 licet
708 1183 750 1222 in
789 1182 1025 1235 systematis
1055 1181 1150 1233 ipsis
1192 1179 1434 1232 symmetria
1468 1180 1529 1220 bis
1565 1181 1678 1220 terve
1715 1179 1768 1219 sit

250 1250 467 1303 conspicua
498 1248 563 1299 (cf.
595 1248 741 1289 Christ.
764 1248 910 1289 Metr.·2
939 1262 976 1301 p.
1009 1247 1118 1300 263).

361 1315 624 1357 Commatum
655 1317 793 1356 autem
824 1314 1096 1366 inaequalitas
1128 1314 1191 1353 vel
1222 1325 1268 1353 ex
1293 1326 1336 1352 eo
1368 1313 1512 1361 elucet,
1543 1312 1651 1363 quod
1672 1324 1766 1364 par-

251 1382 328 1422 tim
358 1383 454 1422 sunt
481 1382 724 1422 catalectica
755 1380 965 1432 (asterisco
996 1381 1165 1426 notata),
1198 1379 1347 1431 partim
1378 1378 1620 1418 acatalecta.

360 1447 422 1488 Ac
451 1460 502 1488 ne
533 1447 584 1487 ad
614 1447 800 1498 legitima
826 1446 991 1498 quidem
1022 1445 1160 1485 omnia
1180 1444 1390 1485 Phaedrae
1419 1443 1543 1484 verba
1573 1444 1767 1496 seappli-

252 1515 365 1564 cant,
407 1513 515 1565 quod
551 1515 691 1554 tamen
721 1514 795 1553 hoc
828 1513 925 1560 loco,
957 1524 1034 1563 quo
1065 1523 1229 1551 summa
1260 1510 1387 1550 animi
1417 1510 1668 1562 perturbatio
1698 1510 1767 1551 de-

252 1579 451 1632 pingitur,
488 1580 648 1620 nullam
679 1581 814 1619 movet
843 1578 1136 1630 suspicionem,
1171 1577 1412 1628 praesertim
1443 1588 1536 1616 cum
1568 1576 1768 1617 dialectus

253 1645 390 1686 dorica
424 1646 467 1686 in
496 1645 708 1686 Phaedrae
744 1645 877 1685 verbis
912 1643 1103 1684 ostendat
1138 1642 1381 1683 insanientis
1421 1642 1645 1682 orationem
1681 1654 1768 1682 esse

254 1712 385 1753 multo
406 1712 639 1753 liberiorem
658 1723 782 1763 quam
811 1710 984 1751 nutricis
1021 1711 1062 1749 et
1097 1710 1259 1761 poetam
1295 1707 1632 1759 aequabilitatem
1662 1708 1770 1748 inter

252 1789 517 1829 personarum
554 1780 760 1818 commata
790 1776 974 1817 consulto
1004 1774 1198 1814 omisisse.

363 1843 491 1884 Paulo
528 1843 784 1884 artificiosius
819 1843 964 1882 chorus
1001 1841 1232 1892 anapaestis
1270 1840 1525 1880 commaticis
1561 1839 1603 1879 in
1628 1840 1770 1880 orche-

255 1911 384 1950 stram
416 1909 636 1950 adducitur
666 1910 742 1957 ita,
772 1911 819 1948 ut
849 1909 1033 1948 carmina
1070 1906 1219 1946 melica
1249 1906 1492 1956 inserantur,
1521 1905 1563 1945 id
1592 1906 1700 1957 quod
1729 1906 1772 1945 in

254 1979 417 2015 Medea
446 1988 483 2014 v.
514 1978 704 2017 96—212
735 1974 892 2014 factum
918 1972 1117 2012 videmus.
1169 1971 1228 2011 Ibi
1260 1973 1369 2012 enim
1390 1971 1561 2013 Medeae
1583 1973 1624 2012 et
1643 1972 1773 2012 nutri-

256 2043 312 2083 cis
342 2042 581 2094 systematis
610 2040 784 2093 proodus
815 2052 849 2079 v.
879 2040 1112 2087 131-1377
1143 2038 1308 2090 stropha
1340 2050 1372 2077 v.
1409 2039 1634 2087 148--159,
1663 2037 1772 2077 anti-

256 2109 420 2161 stropha
460 2120 495 2149 V.
537 2108 770 2158 wia—183,
809 2105 961 2158 epodus
1002 2118 1037 2144 v.
1076 2106 1294 2145 204—212
1330 2103 1441 2144 chori
1478 2103 1771 2144 admiscentur.

255 2174 411 2225 Quibus
459 2173 634 2226 strophis
682 2171 995 2212 alloeometricis
1048 2171 1275 2210 commotus
1317 2168 1587 2221 Westphalus
1633 2169 1771 2220 (Metr.

256 2254 312 2292 gr.
342 2240 406 2281 Π2
435 2253 473 2293 p.
506 2241 601 2291 417)
632 2239 739 2279 hanc
771 2238 878 2279 eruit
908 2238 1177 2277 structuram:

355 2327 521 2383 προῳό.
581 2331 604 2369 2
635 2327 741 2380 Hyp.
800 2339 886 2376 στρ.
944 2328 967 2366 2
998 2325 1105 2376 Hyp.
1166 2318 1256 2363 ἀντ.
1317 2325 1476 2376 ‘lHyp
1537 2321 1673 2378 ἑπῳδ.

255 2497 371 2548 quasi
398 2496 609 2548 anapaesti
640 2497 916 2548 systematum
937 2506 1107 2534 numero
1133 2491 1438 2544 responderent,
1462 2492 1520 2532 ita
1539 2493 1585 2532 ut
1605 2490 1772 2543 perinde

257 2564 365 2602 esset
400 2564 499 2613 quot
535 2574 677 2602 versus
720 2563 904 2613 systema
939 2560 1125 2612 quodque
1163 2559 1494 2611 amplecteretur.
1560 2556 1774 2597 Eiusmodi

255 2627 461 2680 responsio
503 2628 620 2668 nulla
658 2628 719 2667 est
743 2628 785 2666 in
828 2627 903 2667 hoc
948 2628 1088 2675 metro7
1125 2625 1232 2677 quod
1276 2636 1357 2664 non
1400 2624 1595 2664 excellere
1641 2624 1774 2675 potest

255 2694 335 2734 nisi
364 2694 637 2745 systematum
669 2692 994 2744 aequalitate,
1025 2704 1121 2732 cum
1151 2703 1292 2731 versus
1323 2702 1463 2730 omnes
1485 2691 1527 2729 in
1548 2691 1774 2741 systemate

255 2759 338 2800 sint
367 2759 599 2799 consimiles
628 2761 792 2810 excepto
822 2757 978 2798 ultimo.

363 2825 530 2866 Etenim
558 2824 746 2877 periodus
778 2826 872 2865 ante
917 2824 1126 2875 stropham
1169 2823 1355 2864 continet
1391 2821 1570 2873 quinque
1602 2820 1773 2861 nutricis

321 2896 464 2929 Eiehher,
485 2896 521 2921 de
543 2895 749 2926 responsione
771 2895 955 2925 Euripidea.
1540 2889 1557 2919 3
