2110 3279
873 260 915 262 -..n
974 239 1026 277 22
1086 260 1136 263 .—

254 351 390 401 Atqne
422 361 487 389 sex
510 347 674 400 spondei
704 346 982 397 discrepantes
1014 344 1194 385 excusati
1223 343 1439 391 habentur,
1468 355 1575 383 unus
1593 344 1758 384 nomine

246 415 414 467 proprio,
446 415 550 454 alter
589 411 739 464 pedum
769 410 1094 461 transpositione,
1130 409 1324 460 quattuor
1360 420 1501 448 versus
1536 409 1622 449 1000
1662 409 1758 458 (tres

245 482 286 520 in
315 479 407 526 fine,
437 491 543 518 unus
572 476 685 517 initio
717 477 885 523 versus).

353 544 568 585 Menodica
599 543 683 582 sola
713 542 763 581 ad
793 541 1095 592 responsionem
1126 553 1206 581 non
1238 540 1345 580 facta
1367 542 1474 580 sunt.

357 609 520 661 Syllaba
554 619 702 659 auc-eps
733 608 771 646 et
800 606 939 646 hiatus
970 606 1011 645 in
1041 604 1121 646 fine
1138 618 1279 646 versus
1301 605 1580 646 admittuntur
1598 605 1759 656 ubique,

245 678 286 715 in
311 676 456 716 mediis
480 674 658 715 versibus
679 685 760 712 11011
781 671 859 711 nisi
880 672 920 711 in
942 671 1094 711 voculis
1126 672 1364 712 exclamatis
1395 673 1435 711 et
1464 672 1558 711 ante
1589 670 1758 710 verbum

246 742 282 782 vi
312 741 488 793 quadam
518 739 750 791 repetitum.

353 805 583 858 Tripodiam
628 806 669 844 et
709 803 997 856 pentapodiam
1036 803 1077 842 in
1113 803 1296 854 partibus
1339 802 1640 854 antistrophicis
1682 802 1754 841 sibi

241 885 321 912 11011
351 871 522 912 indulsit
551 872 668 922 poeta
698 869 776 908 nisi
805 868 847 908 in
876 869 955 909 fine
987 869 1235 920 systematis.

299 1272 372 1324 II.
444 1272 525 1324 De
562 1283 837 1323 versuum
873 1268 1307 1334 dactylicorum
1343 1266 1407 1318 in
1445 1268 1703 1333 strophis

556 1359 1013 1413 alloeoinetricis
1049 1357 1447 1423 responsione.

354 1537 942 1590 Systematumdactylioorum
963 1549 1088 1588 quam
1109 1536 1287 1576 vidimus
1305 1536 1509 1589 responsio
1525 1548 1570 1576 eo
1582 1536 1758 1584 iuvatur,

243 1603 350 1654 quod
381 1605 447 1655 qui
479 1605 585 1644 inter
613 1605 795 1644 carmina
827 1602 1127 1644 alloeometrica
1157 1604 1365 1654 ponuntur
1394 1613 1533 1641 versus
1565 1600 1757 1653 dactylici

245 1669 399 1710 eisdem
428 1670 699 1721 responsionis
730 1669 888 1721 legibus
919 1667 1131 1708 constricti
1151 1668 1356 1710 tenentur.
1414 1667 1476 1707 Ac
1500 1667 1759 1719 reperiuntur

244 1747 382 1776 versus
419 1735 612 1787 dactylici
655 1735 705 1775 ad
742 1735 1042 1787 responsionem
1078 1733 1177 1773 facti
1213 1732 1255 1772 in
1295 1733 1470 1784 strophis
1508 1731 1757 1784 dactylotro-

244 1801 406 1850 (rhaicis7
436 1801 789 1854 dactyloepitritis‚
818 1800 1074 1852 logaoedicis7
1096 1799 1367 1851 anapaesticis
1387 1792 1537 1845 liberis,
1561 1797 1758 1846 iambicis.

244 1867 502 1907 dochmiacis.
568 1866 654 1908 Nec
693 1879 867 1918 usquam
911 1867 1189 1918 discrepantes
1228 1864 1383 1904 habent
1421 1863 1544 1916 pedes
1581 1864 1625 1903 in
1660 1865 1760 1903 stro-

243 1933 333 1984 phis
376 1933 641 1983 logaoedicis,
689 1933 891 1979 iambicis,
945 1931 1011 1981 (cf.
1050 1944 1085 1983 p.
1124 1934 1159 1972 6.
1197 1931 1317 1981 sqq),
1371 1928 1632 1969 dochmiacis.
1712 1926 1760 1969 In

244 1999 417 2050 strophis
463 2000 601 2039 autem
654 1998 925 2050 anapaesticis
974 1997 1149 2050 dactylis
1202 1994 1450 2048 respondent
1499 1993 1667 2047 spondei
1718 1994 1761 2035 in

242 2065 573 2104 hexametrorum
603 2064 769 2116 paribus
799 2064 897 2105 Hec.
927 2077 960 2105 v.
993 2067 1043 2105 73
1075 2076 1131 2115 sq.
1168 2077 1215 2100 m
1249 2066 1299 2104 90
1338 2074 1396 2113 sq.
1435 2062 1476 2101 et
1508 2060 1550 2100 in
1586 2060 1760 2112 strophis

245 2129 627 2180 dactylotrochaicis
680 2129 836 2169 duobus
872 2130 990 2170 locis:
1049 2129 1175 2170 Andr.
1208 2142 1244 2170 V.
1281 2131 1524 2175 13500141,
1572 2125 1693 2178 Hipp.
1723 2137 1758 2165 V.

248 2197 552 2245 112ilrx21131,
601 2195 700 2236 item
743 2196 1000 2235 hexametris.
1072 2194 1253 2245 Quorum
1296 2206 1403 2235 unus
1446 2191 1760 2232 Andromachae

247 2274 382 2302 versus
412 2260 575 2301 nomine
599 2261 757 2313 proprio
795 2264 1027 2311 excusatur,
1067 2261 1172 2301 sicut
1201 2261 1327 2301 Rhesi
1362 2271 1502 2301 versus
1532 2261 1760 2301 &seweie

245 2327 472 2379 tetrapodia
511 2326 752 2367 catalectica
787 2326 1008 2378 dactylica,
1044 2326 1265 2367 dummodo
1305 2323 1587 2377 προλιποῦσα
1623 2337 1761 2366 veram

246 2393 472 2433 restituerit
503 2393 766 2443 scripturam:
798 2388 824 2430 c‘c'
854 2386 895 2430 θ’
925 2385 1076 2430 Ἑλένα
1107 2390 1395 2442 προλιποῦσα
1427 2385 1577 2441 δόμον.

354 2459 491 2499 Pauca
522 2461 618 2499 sunt
648 2458 828 2498 fatemur
850 2459 1046 2510 exempla,
1076 2460 1119 2498 at
1139 2458 1349 2498 sufficiunt
1369 2458 1511 2498 tamen
1533 2456 1761 2508 coarguisse

248 2528 286 2565 in
330 2527 449 2565 tanta
491 2526 644 2576 quanta
690 2527 751 2564 est
796 2524 903 2575 apud
947 2524 1183 2576 Euripidem
1230 2536 1422 2564 versuum
1467 2523 1761 2575 dactylicorum

249 2590 427 2642 penuria,
459 2589 656 2642 spondeos
687 2589 864 2641 dactylis
894 2590 1184 2642 respondentes
1216 2591 1376 2641 poetam
1410 2589 1636 2628 admisisse.

357 2656 404 2696 In
446 2656 692 2696 contrariam
734 2656 894 2707 partem
935 2655 1243 2696 diiudicandum
1281 2656 1342 2694 est
1379 2654 1427 2694 de
1462 2654 1662 2703 trochaeo,
1694 2653 1763 2704 qui

249 2722 411 2773 dactylo
439 2721 659 2773 respondet
689 2720 732 2760 in
760 2721 944 2761 versibus
974 2721 1199 2773 dactylicis.
1260 2719 1521 2771 Quamquam
1552 2718 1657 2771 apud
1678 2717 1763 2757 Eu-

250 2787 419 2839 ripidem
451 2787 627 2827 trochaei
658 2788 699 2826 in
733 2786 914 2826 versibus
934 2786 1148 2838 dactylicis
1169 2797 1462 2837 nonnunquam
1485 2785 1765 2825 admittuntur
