2110 3279
356 396 485 421 201¹th
519 377 738 438 Νηρῄδων
772 380 904 434 χορὸν
940 378 1062 421 ἔλθω
1103 385 1244 422 narrat
1277 383 1417 424 Thetis
1453 384 1598 426 Nereis
1639 386 1735 437 quid
1772 388 1869 428 olim

352 448 510 488 factura
540 449 602 488 sit.

462 513 600 564 Atque
630 512 861 564 Aeschylus
891 512 1058 563 quidem
1087 513 1130 552 in
1160 511 1419 565 Supplicibus
1449 515 1684 565 quindecim
1704 520 1869 560 tantum

356 578 570 618 choreutas
599 579 643 617 in
674 590 864 618 scaenam
893 577 1082 630 produxit
1111 590 1181 630 pro
1211 579 1511 631 quinquaginta
1540 581 1674 622 Danai
1693 583 1869 624 filiabus.

354 643 512 695 Nempe
545 644 654 684 enim
687 656 767 683 non
786 644 878 695 plus
899 643 1131 694 quindecim
1155 645 1357 685 choreutis
1377 647 1468 686 tum
1488 648 1631 698 poetae
1654 647 1869 690 dabantur.

350 708 413 749 Ne
443 711 584 749 tamen
616 708 739 749 nimis
769 709 940 760 exiguus
969 710 1201 762 puellarum
1229 723 1425 751 numerus
1455 712 1674 764 videretur,
1711 713 1870 753 addidit

350 774 581 825 Aeschylus
612 786 812 825 magnum
849 774 1101 816 famularum
1132 776 1374 816 comitatum
1402 776 1467 830 (cf.
1485 778 1712 819 Hermann.
1734 791 1867 831 opusc.

346 839 387 879 H
422 852 458 891 p.
491 841 599 891 325).
658 839 711 879 Et
740 853 812 892 per
841 842 971 881 totam
1002 841 1185 881 fabulam
1216 841 1356 882 dedita
1381 854 1501 894 opera
1536 845 1667 885 eavit
1696 857 1752 885 ne
1778 857 1868 884 nu-

348 905 469 945 meri
506 905 786 957 puellarum
831 908 1129 947 mentionem
1165 907 1352 948 faceret
1391 909 1456 959 (cf.
1494 909 1671 950 Boeckh.
1710 911 1737 950 1.
1768 911 1794 950 l.
1831 923 1866 962 p.

347 974 397 1012 62
429 972 515 1022 sq.).
980 962 983 965 ’

455 1037 686 1089 Aeschylus
722 1037 849 1088 igitur
890 1039 1133 1079 necessitate
1171 1039 1350 1090 quadam
1394 1040 1558 1080 coactus
1602 1052 1673 1092 pro
1714 1040 1866 1081 maiore

345 1103 561 1144 hominum
597 1103 865 1144 multitudine
902 1103 1101 1144 minorem
1138 1116 1334 1157 usurpare
1370 1105 1411 1144 id
1454 1105 1570 1145 anxie
1616 1105 1774 1146 studuit
1815 1118 1866 1146 ne

347 1171 596 1221 spectatores
626 1169 858 1210 offenderet.
917 1168 1055 1220 Atque
1087 1169 1303 1222 Euripides
1333 1171 1440 1223 apud
1471 1170 1648 1211 eundem
1668 1172 1865 1224 populum

343 1237 541 1274 nasutum
569 1236 747 1287 quinque
777 1237 930 1276 matres
960 1237 1069 1288 ipsas
1106 1236 1196 1276 illos
1227 1235 1469 1288 Supplicmn
1506 1248 1646 1276 versus
1683 1249 1864 1289 pronun-

344 1301 495 1340 tiantes
532 1300 702 1342 faceret!

453 1366 546 1407 Huc
577 1367 779 1407 accedunt
811 1368 892 1407 alia
923 1368 1083 1407 numeri
1114 1368 1358 1408 documenta
1388 1380 1423 1407 v.
1460 1371 1520 1408 12.
1550 1371 1635 1410 102.
1658 1370 1750 1409 636.
1773 1371 1864 1409 755.

346 1436 462 1475 1207.
522 1432 626 1473 Tum
666 1433 769 1473 illud
814 1433 921 1484 quod
957 1434 990 1473 si
1027 1434 1206 1484 quinque
1244 1435 1408 1474 tantum
1440 1436 1594 1474 matres
1626 1433 1864 1482 adfuissent,

343 1499 474 1538 maior
516 1499 756 1551 plerumque
803 1499 911 1539 chori
954 1511 1048 1551 pars
1092 1500 1308 1547 tacuisset,
1351 1512 1449 1540 nam
1492 1500 1622 1540 multo
1665 1499 1862 1540 maiorem

345 1565 597 1605 choricorum
626 1569 788 1617 partem
819 1577 842 1604 a
872 1565 1073 1605 matribus
1104 1578 1191 1606 esse
1213 1567 1431 1606 recitatam
1452 1565 1570 1606 facile
1591 1567 1632 1606 te
1653 1566 1861 1617 legentem

344 1630 504 1671 docebit
535 1630 750 1683 Euripides
781 1643 856 1671 nec
886 1644 966 1672 non
997 1633 1187 1672 accurate
1227 1631 1523 1672 demonstravit
1553 1630 1861 1672 Schoenbornus

344 1697 385 1735 in
416 1696 518 1736 libro
548 1698 616 1748 qui
646 1696 884 1737 inscribitur
912 1697 988 1737 Die
1019 1696 1152 1737 Skene
1184 1697 1254 1737 der
1283 1697 1486 1737 Hellenen
1515 1710 1554 1749 p.
1589 1700 1664 1738 190
1692 1709 1749 1748 sq.

455 1762 599 1814 Itaque
621 1763 752 1803 facere
770 1774 849 1802 non
859 1774 1028 1815 possum
1042 1763 1141 1815 quin
1154 1763 1392 1815 Euripidem
1408 1764 1455 1803 ut
1470 1762 1632 1815 saepius
1646 1763 1859 1814 vulgarem

345 1826 531 1867 fabulam
561 1828 740 1869 variasse
770 1841 961 1869 censeam
992 1832 1033 1869 et
1063 1829 1288 1882 adstipuler
1305 1828 1506 1869 Boeckhio
1538 1831 1692 1870 matres
1722 1842 1862 1871 omnes

345 1893 542 1934 adfuisse:
567 1894 757 1947 Capanei,
779 1894 947 1945 Eteoch,
973 1894 1588 1947 HippomedontisAmphiarai,
1611 1907 1862 1947 quamquam

347 1960 621 2012 Amphiaraus
661 1963 856 2013 tempore,
884 1961 991 2012 quod
1035 1960 1241 2013 praecedit
1280 1960 1462 2009 fabulae,
1497 1962 1608 2001 terra
1644 1961 1862 2002 devoratus

345 2027 443 2073 erat,
474 2026 739 2078 Argivorum,
777 2027 1075 2079 Parthenopaei
1112 2025 1280 2067 Arcadii
1310 2025 1375 2077 (cf.
1404 2039 1436 2065 V.
1470 2027 1581 2077 890),
1622 2026 1751 2078 Tydei
1784 2027 1861 2069 Ca-

344 2091 515 2141 lydonss,
554 2092 731 2133 Eteoclis
763 2096 803 2134 et
835 2093 1039 2145 Polynicis
1070 2092 1248 2133 fratrum
1278 2092 1581 2141 Thebanorum,
1620 2094 1690 2144 qui
1721 2105 1862 2134 omnes

346 2157 454 2208 apud
483 2157 657 2208 Argivos
688 2160 912 2200 maximam
948 2158 1025 2198 sibi
1053 2160 1301 2211 pepererunt
1337 2159 1508 2209 gloriam
1541 2153 1863 2208 (zlavozcizorg

346 2219 390 2259 ἐν
419 2218 634 2274 Ἀργείοις
663 2237 716 2265 sc.
751 2219 876 2271 ὄντας
905 2237 939 2264 v.
970 2226 1078 2275 965).

456 2288 567 2339 Quae
599 2302 693 2330 cum
722 2292 781 2331 ita
810 2291 893 2331 sint
922 2292 1113 2331 accurata
1144 2290 1337 2331 Boeckhii
1373 2302 1509 2330 rerum
1547 2290 1862 2343 investigatione

345 2354 570 2405 patefacta,
602 2368 625 2395 a
655 2369 720 2397 me
751 2357 971 2409 impetrare
1007 2369 1088 2397 non
1122 2368 1287 2409 possum
1328 2358 1375 2396 ut
1405 2368 1499 2396 eum
1536 2356 1703 2407 probem
1740 2369 1863 2408 quem

347 2420 573 2461 Arnoldtus
604 2423 731 2462 voluit
762 2424 943 2463 matrum
973 2435 1204 2463 numerum.

456 2486 574 2526 Hanc
604 2487 731 2538 igitur
759 2488 867 2529 inter
895 2489 1074 2540 quinque
1104 2490 1318 2529 choreutas
1344 2488 1676 2529 distributionem
1693 2489 1737 2528 in
1757 2487 1862 2541 Sup-

346 2552 500 2604 plicum
534 2554 714 2593 carmine
746 2554 947 2606 dactylico
979 2556 1026 2594 ut
1056 2555 1139 2595 veri
1158 2567 1322 2607 prorsus
1344 2553 1588 2595 dissimilem
1609 2553 1861 2594 omittamus.

348 2617 479 2658 Multo
510 2619 635 2659 etiam
664 2619 907 2671 probabilior
937 2620 1099 2661 videtur
1119 2621 1249 2661 altera
1270 2619 1516 2668 distributio,
1545 2632 1649 2671 quae
1676 2621 1737 2660 est
1756 2620 1864 2660 inter

347 2685 430 2724 tres
474 2684 583 2724 chori
625 2696 827 2736 personas.
890 2685 1005 2727 Haec
1056 2686 1166 2727 enim
1206 2686 1309 2726 ratio
1350 2685 1649 2726 sententiarum
1695 2685 1864 2725 conexui

349 2749 500 2801 optime
531 2750 839 2791 accommodata
869 2753 930 2792 est
960 2754 1000 2792 et
1030 2752 1193 2803 egregie
1216 2751 1485 2792 confirmatur
1505 2753 1729 2793 metrorum
1750 2763 1862 2792 com-

349 2815 555 2865 positione,
586 2816 632 2855 ut
661 2828 783 2868 supra
813 2819 1044 2858 memoravi.
1103 2817 1182 2868 Qui
1212 2819 1351 2858 autem
1380 2817 1454 2858 toti
1483 2818 1601 2858 choro
1637 2818 1708 2857 aut
1743 2828 1861 2868 cory-
