2110 3279
907 265 1180 303 —51-

339 397 343 400 .
394 366 549 417 Quodsi
583 369 673 420 quis
703 372 940 411 accuratam
970 372 1059 412 Vult
1090 374 1397 425 responsionem
1428 375 1547 416 facile
1578 388 1624 416 ex
1658 388 1798 429 propo—

283 433 362 474 sita
389 434 525 474 textus
555 435 786 476 recensione
817 438 1062 479 constituere
1082 440 1217 491 potest
1234 440 1448 482 scribendo
1471 454 1504 481 V.
1530 443 1604 483 123
1627 436 1799 480 κώπαι-

283 511 352 537 σιν
380 511 451 552 pro
482 493 669 549 κώπαις,
702 513 736 541 V.
763 504 837 544 130
869 495 1105 542 κόλποισιν
1133 517 1204 557 pro
1230 499 1432 555 κόλποις,
1468 520 1502 547 V.
1528 510 1603 549 143
1627 501 1798 559 οἰκτρο-

281 559 422 612 τάτως
457 577 528 618 pro
566 560 748 617 οἰκτρῶς
784 569 824 608 et
860 567 1032 609 delendo
1068 566 1177 609 ποτὲ
1215 582 1250 611 V.
1292 575 1379 614 149.
1439 573 1641 624 Equidem
1677 574 1799 626 plane

282 629 505 672 diiudicare
534 644 617 672 non
641 632 775 673 ausim
805 635 943 674 utrum
965 636 1083 687 poeta
1103 635 1277 677 liberam
1298 649 1351 678 an
1372 640 1611 679 accuratam
1631 651 1797 692 respon-

281 695 436 737 sionem
468 699 774 749 anapaesticam
805 699 1066 740 affectaverit.
1127 700 1206 742 Sed
1236 702 1305 753 qui
1334 715 1402 744 eas
1433 716 1536 755 quas
1571 706 1692 757 paulo
1729 718 1798 746 su-

278 774 353 814 pra
382 763 556 803 tractavi
586 763 823 804 threnodias
852 767 1072 818 respexerit
1102 767 1256 808 Videbit
1285 768 1327 807 in
1356 769 1547 810 monodia
1568 771 1798 821 gravissimi

281 826 428 868 doloris
476 839 523 868 ac
568 830 761 869 maeroris
799 830 921 882 plena
960 831 1132 872 liberam
1177 833 1482 885 responsionem
1522 835 1607 876 Veri
1645 836 1797 877 habere

279 893 458 944 speciem
486 894 618 934 multo
647 894 971 937 luculentiorem.

389 1023 626 1064 Proximum
657 1027 720 1066 est
754 1027 802 1066 ut
838 1026 1095 1079 disputemus
1126 1029 1175 1069 de
1205 1033 1335 1068 Jonis
1365 1031 1556 1072 monodia
1585 1033 1627 1072 in
1657 1032 1796 1074 fabula

278 1088 462 1130 eiusdem
497 1090 676 1131 nominis
711 1104 745 1131 V.
782 1095 985 1143 144—83‚
1025 1106 1129 1145 quae
1166 1095 1310 1136 eodem
1349 1096 1469 1136 modo
1499 1110 1576 1148 quo
1607 1098 1796 1139 monodia

276 1155 321 1195 in
355 1154 527 1196 Hecuba
565 1156 714 1208 parodo
753 1159 979 1210 praemissa
1023 1162 1096 1201 est.
1161 1161 1288 1202 Cuius
1327 1174 1430 1213 quae
1468 1175 1562 1215 pars
1600 1163 1796 1214 legitimis

278 1220 438 1261 constat
481 1223 713 1275 anapaestis
751 1235 786 1263 V.
820 1226 1019 1265 82—111
1060 1238 1182 1278 supra
1220 1228 1398 1268 tractata
1435 1230 1511 1279 est;
1561 1228 1662 1268 haec
1703 1241 1796 1281 pars

276 1285 440 1327 liberior
478 1288 626 1340 excipit
663 1290 925 1341 stropharum
961 1292 1074 1342 paria
1110 1292 1239 1344 lyrica
1274 1293 1383 1334 inter
1418 1306 1460 1334 se
1496 1294 1793 1346 respondentia.

275 1350 354 1402 Qui
382 1352 520 1404 proodi
549 1355 778 1405 systemata
808 1355 886 1396 duo
917 1368 951 1396 V.
977 1361 1162 1400 144—50
1196 1359 1236 1398 et
1270 1363 1456 1401 151—52
1479 1361 1673 1400 secuntur
1704 1373 1792 1401 Ver-

276 1429 345 1458 sus
380 1421 457 1459 154
478 1430 561 1470 sqq.
591 1421 862 1473 responsionis
892 1422 1052 1473 legibus
1083 1436 1169 1464 esse
1195 1425 1411 1466 adstrictos
1430 1427 1561 1478 primo
1585 1427 1793 1467 oculorum

275 1483 421 1525 obtutu
458 1485 648 1526 cernitur.
706 1485 821 1537 Quod
859 1488 969 1527 enim
1005 1490 1183 1539 positum
1223 1492 1285 1531 est
1321 1492 1412 1543 post
1443 1505 1475 1531 v.
1512 1494 1586 1533 153
1617 1504 1792 1543 proana-

274 1550 479 1602 phonema
508 1545 558 1590 ἔα
590 1546 657 1590 ἔα·
691 1552 891 1605 repetitur
920 1554 962 1594 in
992 1566 1026 1594 V.
1052 1559 1146 1603 17Ο;
1175 1556 1357 1607 itemque
1382 1559 1637 1598 monometer
1656 1570 1690 1597 V.
1716 1561 1792 1599 160

273 1635 329 1648 =
353 1618 441 1665 176,
461 1616 569 1657 terni
590 1618 774 1659 continui
794 1620 1042 1670 paroemiaci
1063 1621 1375 1673 spondiacorum
1395 1635 1544 1673 genere
1565 1635 1599 1663 V.
1621 1626 1697 1664 156
1709 1636 1790 1675 sqq.

273 1701 328 1714 =
351 1683 427 1722 173
443 1694 525 1733 sqq.
556 1684 719 1734 praeter
746 1684 929 1735 singulos
960 1686 1059 1725 alios
1088 1687 1366 1738 paroemiacos
1389 1690 1430 1728 et
1452 1688 1647 1729 dimetros
1670 1702 1790 1742 spon-

274 1745 409 1787 diacos
447 1748 739 1800 respondentes
779 1752 1008 1802 coarguunt
1046 1754 1210 1804 poetam
1252 1753 1426 1794 Voluisse
1476 1755 1791 1807 responsionem,

271 1813 515 1865 praesertim
545 1826 641 1854 cum
671 1816 767 1856 ante
797 1818 1039 1868 anapaestos
1070 1818 1219 1859 liberos
1251 1821 1291 1859 et
1320 1821 1410 1871 post
1441 1832 1507 1860 eos
1538 1820 1722 1860 carmina
1749 1822 1791 1860 et

272 1879 359 1930 ipsa
388 1879 682 1932 antistrophica
712 1882 978 1934 reperiantur.

381 1944 545 1986 Primus
580 1946 846 1988 Hermannus
886 1948 1044 1989 Viderat
1082 1950 1303 1990 verisimile
1353 1963 1438 1991 esse
1485 1951 1610 1991 etiam
1652 1952 1787 2003 plures

270 2021 412 2051 versus
448 2012 684 2063 congruisse
720 2025 845 2065 quam
883 2015 953 2064 qui
990 2016 1128 2068 aperte
1166 2017 1414 2069 respondent
1452 2028 1489 2055 v.
1525 2020 1709 2057 154-57
1748 2018 1789 2057 et

274 2078 472 2118 170—73.
499 2076 562 2117 Ac
582 2091 624 2120 re
645 2091 741 2120 Vera
760 2079 927 2131 quidem
948 2080 1059 2121 haud
1081 2080 1250 2122 difficile
1273 2083 1336 2123 est
1357 2082 1470 2122 factu
1491 2084 1700 2134 corruptos
1722 2082 1786 2122 in-

269 2140 420 2193 dagare
450 2143 571 2192 locos,
602 2144 750 2196 quibus
780 2147 987 2186 extricatis
1018 2148 1069 2195 et,
1099 2147 1234 2198 quoad
1265 2149 1352 2188 eius
1379 2147 1468 2188 fieri
1486 2149 1633 2200 potest,
1661 2147 1787 2188 refec-

268 2206 321 2248 tis
355 2209 487 2249 multo
516 2221 599 2250 non
626 2210 746 2251 modo
774 2211 974 2263 integrior
1003 2212 1074 2252 sed
1107 2212 1232 2253 etiam
1263 2214 1514 2265 aequabilior
1544 2213 1658 2253 nobis
1690 2214 1786 2253 arri-

268 2271 382 2313 debit
412 2275 606 2316 carminis
635 2276 783 2328 imago.

376 2338 563 2380 Primum
602 2341 769 2392 quidem
814 2345 1044 2396 corruptela
1079 2343 1194 2384 nobis
1232 2345 1409 2385 occurrit
1450 2345 1493 2384 in
1529 2357 1563 2384 V.
1611 2348 1684 2385 177
1707 2357 1783 2396 sq.;

267 2404 384 2445 ouius
420 2406 681 2457 corrigendae
711 2420 836 2459 quam
866 2410 1110 2450 monstravit
1138 2410 1247 2450 Viam
1269 2410 1312 2450 O.
1334 2409 1524 2450 Henseus
1553 2411 1594 2459 (l.
1625 2410 1649 2449 l.
1679 2422 1716 2461 p.
1739 2410 1781 2461 6)

264 2472 422 2511 rectam
462 2483 549 2512 esse
587 2485 668 2513 non
707 2475 894 2515 concedo.
954 2474 1216 2526 Quamquam
1252 2487 1356 2526 quae
1396 2476 1477 2515 sint
1517 2474 1782 2516 difficultates

265 2536 470 2577 maximae
490 2536 772 2580 Heimsoethio
802 2540 925 2591 (Krit.
947 2539 1119 2581 Studien
1140 2553 1190 2580 zu
1213 2541 1248 2581 d.
1270 2541 1418 2592 griech.
1441 2540 1558 2591 Trag.
1580 2538 1599 2578 I
1624 2551 1662 2590 p.
1689 2541 1782 2592 188)

264 2600 349 2641 iam
376 2604 613 2655 perspectae
643 2607 753 2646 recte
784 2607 971 2659 explicat.
1022 2605 1138 2656 Quod
1169 2607 1278 2647 enim
1308 2608 1401 2656 post
1423 2599 1698 2658 ἀναθήματα
1720 2606 1780 2645 lo-

264 2679 336 2707 cus
375 2667 429 2708 sit
458 2670 702 2720 generaliori
743 2671 1035 2722 significationi
1073 2667 1175 2711 ναοί
1214 2665 1259 2709 {t’
1285 2666 1326 2710 οὶ
1363 2665 1533 2722 Φοίβου
1560 2683 1606 2710 ex
1637 2671 1779 2711 eodem

264 2732 384 2773 verbo
410 2733 618 2785 pendenti,
648 2735 690 2776 id
717 2749 799 2777 non
820 2737 1041 2788 quicquam
1062 2736 1212 2777 habere
1233 2737 1514 2777 excusationis.
1545 2735 1674 2776 Vetus
1695 2736 1779 2776 iam

263 2800 560 2849 grammaticus
588 2801 664 2841 hoc
690 2803 941 2854 perspexisse
972 2802 1150 2850 Videtur,
1182 2802 1251 2853 qui
1282 2801 1510 2842 adnotavit:
1552 2796 1600 2841 οὐ
1635 2799 1780 2849 καλῶς
