2110 3279
881 226 1153 264 -52-

262 333 440 384 possent,
471 331 642 371 coniecit
668 330 890 371 Schoenius
920 326 1077 382 σπέρμ’
1098 325 1328 383 Ἀτρειδᾶν
1357 344 1572 374 recurrens
1602 335 1698 375 hinc
1724 335 1776 375 ad

263 396 381 448 Soph.
412 395 553 448 Antig.
584 410 618 437 v.
650 399 726 438 981
751 409 818 447 sq.‚
849 396 967 447 quasi
1004 397 1071 437 hic
1100 396 1254 437 Atreus
1283 409 1365 437 non
1395 398 1633 450 Iphigeniae
1662 412 1775 452 avus,

263 462 334 502 sed
364 461 490 502 totius
521 463 680 513 generis
711 464 853 501 auctor
884 461 1196 513 significaretur.
1255 462 1379 503 Hunc
1416 463 1498 504 fere
1535 464 1578 504 in
1608 466 1775 506 modum

261 527 498 580 Koechlyus
547 528 570 568 l.
614 528 637 567 1.
683 527 746 566 ΠΙ
789 538 826 577 p.
868 531 891 567 5
933 529 1044 568 recte
1091 528 1332 580 disputavit,
1384 529 1449 569 cui
1497 531 1777 571 assentiuntur

262 593 511 633 Bartholdus
556 592 685 644 (Mus.
728 592 858 632 Rhen.
901 592 1005 632 XXI
1046 606 1081 646 p.
1125 597 1176 635 56
1205 594 1278 645 sq.)
1322 596 1362 634 et
1405 594 1777 636 Rauchensteinius

261 658 535 710 (Fleckeiseni
562 670 652 698 ann.
685 657 905 698 LXXXIX
934 672 971 711 p.
1003 660 1086 711 28).

374 723 478 764 Cum
508 724 635 775 igitur
655 725 883 764 metrorum
903 726 1007 765 ratio
1028 726 1227 765 nonnulla
1250 725 1445 766 excidisse
1467 725 1622 773 doceat,
1654 727 1776 766 unius

261 792 402 830 autem
437 789 553 842 pedis
590 790 741 829 lacuna
784 789 837 829 ad
865 791 1170 831 restituendum
1206 793 1444 831 contextum
1474 804 1557 832 non
1588 791 1777 837 sufficiat,

261 855 433 895 dubium
465 867 552 895 esse
582 867 663 895 non
702 856 835 906 potest
863 855 961 906 quin
990 855 1256 896 Hermannus
1286 858 1420 897 totum
1456 869 1620 898 versum
1647 856 1776 898 inter-

261 922 408 962 cidisse
438 923 548 962 recte
580 920 634 961 sit
663 922 894 973 suspicatus
924 922 989 960 sat
1017 921 1284 973 probabiliter
1312 923 1435 963 simul
1465 922 1685 963 coniciens:
1817 916 1819 918 ’

594 1022 801 1072 στρατιᾶς
829 1020 965 1071 rocyo&
993 1020 1073 1058 τοῦ
1103 1021 1420 1072 πρεσβυγενοῧς

590 1087 677 1125 τῶν
698 1081 929 1138 Ἀτρειδᾶν
956 1086 1043 1124 τῶν
1072 1083 1274 1135 κλεινῶνς

369 1186 473 1227 Vide
509 1187 594 1227 iam
629 1199 731 1226 num
769 1186 846 1226 sibi
879 1185 1164 1238 responderint
1200 1187 1269 1238 qui
1304 1187 1495 1238 planctus
1532 1186 1584 1226 ad
1623 1187 1777 1227 exitum

260 1252 471 1293 adducunt
513 1264 549 1291 v.
585 1255 772 1295 137—42
813 1253 855 1292 et
893 1256 1098 1302 170—77,
1131 1264 1230 1304 quos
1274 1264 1356 1293 non
1397 1252 1516 1292 modo
1555 1252 1678 1293 metri
1706 1252 1777 1292 sed

260 1319 384 1359 etiam
416 1318 644 1359 sententiae
676 1317 804 1357 alium
834 1318 957 1369 plane
989 1319 1162 1358 colorem
1193 1317 1343 1358 habere
1374 1319 1495 1369 atque
1516 1318 1607 1358 illos
1628 1318 1777 1369 quibus

260 1386 382 1424 antea
412 1385 452 1424 et
483 1385 628 1424 chorus
660 1386 700 1425 et
729 1384 943 1436 Iphigenia
973 1385 1218 1435 queruntur,
1248 1383 1514 1424 Hermannus
1544 1385 1654 1424 recte
1684 1395 1776 1436 pro-

258 1450 382 1490 bavit.
451 1449 671 1502 Spondiaci
719 1450 830 1490 enim
872 1449 958 1490 bini
992 1461 1156 1502 prorsus
1201 1451 1451 1500 congruunt:
1502 1452 1577 1491 139
1604 1453 1776 1498 =172,

264 1519 340 1557 142
361 1536 416 1549 =
440 1519 527 1565 177,
557 1516 706 1567 reliqui
737 1515 892 1556 similes
922 1515 1005 1556 fere
1036 1515 1215 1566 legitimi
1244 1520 1354 1563 sunt,
1385 1527 1555 1556 caesura
1579 1515 1777 1567 primaria

250 1595 335 1622 non
364 1582 556 1633 neglecta
586 1583 649 1622 est
669 1581 748 1621 nisi
768 1594 849 1622 uno
869 1594 904 1622 V.
930 1585 1016 1623 140.
1067 1580 1316 1633 Spondiacos
1338 1583 1479 1622 autem
1501 1592 1588 1621 esse
1608 1592 1775 1632 respon-

254 1647 377 1688 sionis
400 1647 694 1688 documentum
718 1649 758 1687 et
779 1649 921 1699 postea
947 1647 1254 1688 observabimus
1277 1648 1319 1687 et
1338 1658 1409 1698 per
1430 1658 1571 1686 omnes
1593 1645 1775 1697 tragicae

251 1725 416 1766 poeseos
446 1714 639 1765 reliquias
669 1714 875 1754 observari
904 1715 1047 1765 potest.

361 1779 459 1821 Jam
489 1778 784 1831 disputandum
817 1781 880 1820 est
910 1779 958 1819 de
988 1778 1077 1830 pari
1098 1778 1225 1818 altero
1246 1777 1568 1827 threnodiarum,
1599 1789 1775 1829 quarum

251 1846 413 1896 utrique
465 1845 572 1896 quod
612 1845 757 1885 inserti
803 1847 900 1885 sunt
939 1844 1093 1895 singuli
1138 1855 1279 1883 versus
1317 1843 1514 1883 trochaici
1558 1843 1656 1883 locis
1699 1843 1775 1883 sibi

250 1910 609 1963 respondentibus,
656 1911 798 1961 magni
835 1910 884 1950 ad
921 1911 1104 1949 nostram
1140 1909 1423 1961 quaestionem
1463 1908 1662 1948 momenti
1702 1910 1773 1949 est.

252 1976 364 2027 Quae
394 1978 442 2016 ut
470 1977 580 2016 recte
609 1976 925 2027 intellegantur,
957 1976 1036 2015 duo
1067 1976 1170 2015 mihi
1198 1975 1502 2026 praemonenda
1533 1987 1620 2015 esse
1646 1973 1774 2022 video,

253 2044 428 2083 alterum
477 2042 570 2088 hoc⁷
621 2042 855 2094 anapaestis
896 2042 1037 2081 liberis
1078 2041 1129 2081 ad
1171 2041 1478 2092 exprimendam
1523 2041 1773 2080 anxietatem

252 2109 412 2160 saepius
450 2120 589 2148 versus
628 2109 952 2148 alloeometricos
984 2119 1071 2147 esse
1102 2106 1377 2156 intermixtos,
1418 2107 1567 2158 ubique
1603 2118 1772 2158 respon-

252 2174 375 2214 sionis
399 2173 660 2224 gravissimos
683 2175 822 2221 testes,
845 2174 1023 2213 alterum
1044 2173 1131 2222 hoc,
1152 2172 1194 2211 in
1215 2172 1397 2212 numeris
1422 2172 1577 2220 solutis,
1598 2183 1772 2223 quorum

253 2251 299 2279 ex
328 2239 485 2279 ratione
517 2238 582 2278 cui
604 2239 745 2290 generi
766 2240 849 2279 sint
870 2237 1171 2279 adnumerandi
1192 2249 1273 2277 non
1294 2238 1393 2277 satis
1415 2239 1597 2290 apparet,
1629 2236 1772 2276 docere

252 2317 324 2345 nos
370 2304 531 2356 saepius
568 2303 618 2344 de
658 2306 745 2345 arte
788 2306 930 2356 poetae
971 2306 1011 2344 et
1047 2303 1215 2343 consilio
1246 2304 1463 2343 verborum
1500 2304 1695 2343 accentus
1732 2302 1773 2342 et

253 2368 563 2417 sententiam.*)
627 2370 685 2411 Cf.
723 2370 760 2412 J.
798 2370 851 2412 H.
889 2369 941 2409 H.
987 2368 1186 2410 Schmidt.
1228 2368 1348 2408 Metr.
1391 2381 1447 2420 gr.
1487 2381 1525 2420 p.
1572 2370 1651 2409 213
1673 2380 1770 2419 sqq,

255 2435 463 2475 Barthold.
495 2435 519 2474 1.
550 2436 575 2474 1.
608 2449 643 2489 p.
677 2439 728 2478 58
751 2449 833 2488 sqq.

364 2500 450 2551 Quo
495 2501 765 2543 fundamento
805 2503 921 2542 firmo
964 2502 1033 2542 illo
1075 2500 1240 2552 quidem
1285 2501 1326 2540 et
1363 2500 1472 2540 certo
1510 2499 1625 2540 nisus
1661 2499 1769 2540 Her-

367 2662 401 2702 ἕ)
427 2660 584 2695 Proinde
610 2671 696 2695 eave
721 2672 767 2694 ne
791 2660 856 2694 hos
881 2671 915 2695 v.
944 2660 1105 2693 sectatus
1118 2657 1376 2702 Westphalum
1392 2667 1456 2701 pro
1470 2656 1639 2691 iambicis
1657 2656 1769 2691 ducas

256 2719 320 2750 aut
347 2716 631 2751 Buchholtzium
657 2716 716 2759 (de
743 2715 926 2760 Euripidis
950 2727 983 2750 v.
1010 2713 1251 2758 anapaesticis
1276 2725 1310 2757 p.
1340 2716 1393 2747 15)
1424 2723 1492 2756 pro
1524 2712 1768 2756 anapaesticis

255 2771 425 2816 tripodiis
450 2772 674 2807 acatalectis.
