2110 3279
287 372 596 420 recentioribus,
627 372 849 423 Dindorfio‚
868 373 1100 424 Hartungo,
1121 373 1405 422 Herwerdem,
1436 375 1505 425 qui
1534 374 1641 414 totas
1670 375 1802 427 perio-

289 438 361 478 dos
390 438 455 478 vel
484 439 671 490 strophas
701 438 809 479 inter
839 451 881 480 se
912 439 1147 480 convenisse
1184 439 1382 488 iudicant,
1414 440 1626 489 assentiar,
1655 451 1802 491 quam-

286 515 411 554 quam
441 504 545 544 ratio
576 516 715 545 eorum
746 504 976 556 corrigendi
1006 506 1282 546 assensionem
1313 517 1395 545 non
1424 505 1555 556 exigit

338 589 341 592 ·
398 567 716 610 Concedendum
746 581 845 610 sane
877 572 938 611 est
967 571 1117 611 habere
1148 571 1255 610 hanc
1287 569 1542 622 tragoediam
1564 583 1655 611 eam
1675 571 1800 623 potis-

287 634 441 675 simum
471 635 520 675 ob
552 646 731 685 causam,
760 636 868 687 quod
899 637 1080 677 continet
1109 638 1242 676 metra
1272 637 1412 687 gravia
1441 638 1481 677 et
1510 636 1801 688 antiquitatem

286 700 530 751 redolentia,
561 700 613 740 ad
649 700 874 741 imitandas
912 703 1068 742 veteres
1098 702 1349 753 precationes
1388 714 1434 742 ac
1470 713 1648 754 paeanas
1677 701 1800 749 facta,

287 765 517 818 ephymniis
538 765 747 817 insignita,
772 767 848 806 hoc
869 767 1084 815 commodi,
1113 769 1160 807 ut
1180 769 1343 819 poetam
1367 768 1410 807 in
1431 767 1669 808 adornanda
1689 780 1800 808 com—

286 831 488 883 positione
532 831 583 871 ab
628 832 906 883 antiquiorum
945 833 1164 873 severitate
1200 833 1415 873 recessisse
1459 833 1542 873 veri
1583 833 1636 873 sit
1676 844 1799 884 quam

287 897 465 937 maxime
488 896 699 938 dissimile.
748 896 892 950 Itaque
921 898 1069 949 dignae
1091 899 1200 938 certe
1221 898 1412 938 videntur
1438 900 1616 939 virorum
1636 899 1801 938 illorum

285 963 515 1003 sententiae
541 975 646 1014 quae
669 967 1053 1013 commemorentur,
1082 964 1326 1016 praesertim
1357 977 1451 1004 cum
1477 965 1578 1005 ratio
1607 965 1715 1005 inter
1735 975 1801 1004 eos

284 1027 510 1069 conveniat.
554 1027 761 1070 Exhibent
789 1030 899 1070 enim
928 1030 970 1069 in
992 1043 1025 1070 V.
1050 1032 1126 1071 182
1151 1023 1307 1068 κούδὲν
1335 1024 1450 1084 λήξω
1470 1042 1542 1084 pro
1563 1023 1640 1069 κού
1668 1023 1798 1084 λήξω,

283 1093 485 1146 quomodo
521 1093 568 1134 fit
597 1096 645 1135 ut
680 1090 835 1147 Φοίβῳ
874 1095 1009 1136 versui
1038 1094 1299 1147 praecedenti
1330 1095 1384 1136 sit
1413 1095 1729 1136 adscribendum
1761 1098 1801 1136 et

287 1159 472 1207 θνατοῖς
517 1161 560 1200 in
598 1173 633 1200 v.
669 1163 741 1202 181
789 1172 941 1201 novum
976 1160 1107 1212 fingat
1142 1173 1324 1210 versum,
1368 1161 1411 1201 in
1440 1173 1518 1213 quo
1555 1162 1801 1214 anapaestus

284 1226 417 1278 periit.

396 1291 530 1342 Quare
567 1291 602 1332 si
632 1304 699 1333 eas
730 1304 835 1343 quae
865 1291 1092 1344 propositae
1126 1293 1222 1332 sunt
1251 1292 1428 1333 rationes
1455 1292 1683 1344 sequendas
1714 1304 1799 1333 esse

285 1357 497 1406 iudicaris,
534 1369 616 1397 non
652 1358 739 1398 sine
777 1358 914 1409 aliqua
944 1358 1233 1410 probabilitate
1264 1359 1491 1398 extremam
1521 1358 1798 1410 antistrophae

285 1425 446 1476 partem
476 1423 519 1463 in
549 1423 660 1463 hunc
690 1423 861 1464 modum
891 1423 1110 1464 discribere
1142 1423 1326 1463 audebis:

668 1516 698 1576 ἢ
730 1518 868 1571 νάπος
885 1517 1097 1574 Ἴσθμιον

676 1607 736 1623 m)
769 1614 798 1618 —
833 1607 894 1623 ψυ
928 1614 977 1638 -,
1009 1582 1069 1636 (ὃς
1100 1581 1373 1642 ἀναθήματα

674 1651 732 1709 μὴ
763 1649 1015 1708 βλάπτηται

680 1715 783 1760 ναοί
811 1717 857 1759 θ’
878 1715 919 1760 οὶ
955 1715 1125 1772 Φοίβου
1160 1743 1190 1748 ·—
1224 1735 1285 1754 ma
1319 1735 1364 1768 -3
1448 1763 1451 1766 ‚

677 1782 862 1826 κτείνειν
893 1779 931 1825 δ’
955 1780 1071 1837 ὑμᾶς
1105 1780 1322 1837 αἶὸοῦμαι
1352 1783 1452 1833 τοὺς

677 1849 756 1900 τὰς
786 1853 907 1892 θεῶν
938 1846 1233 1905 ἀγγέλλοντας
1264 1850 1415 1906 φάμας

673 1918 859 1966 θνατοῖς
891 1933 953 1952 ww
985 1930 1032 1946 —·

679 1975 745 2032 οἷς
774 1977 808 2023 δ’
843 1979 1045 2036 ἔγκειμαι
1074 1979 1274 2037 μόχθοις,
1314 1982 1464 2037 Φοίβῳ

678 2043 914 2101 δουλεύσω,
945 2044 1102 2090 κοῦδὲν
1133 2045 1251 2105 λήξω

673 2114 775 2164 τοὺς
804 2111 1045 2169 βόσκοντας
1075 2112 1351 2170 θεραπεύων.

285 2227 380 2256 cum
409 2216 452 2256 in
481 2217 649 2269 reliquis
680 2217 871 2258 omnibus
900 2218 1063 2270 praeter
1093 2211 1441 2269 παιόοιργήσειν
1470 2216 1511 2257 et
1541 2215 1722 2256 deletum
1746 2205 1798 2252 αὖ

285 2282 344 2322 nil
375 2282 427 2322 sit
457 2282 716 2323 mutandum.

395 2411 610 2456 Illustrata
646 2417 688 2457 et
725 2416 906 2468 exposita
940 2416 1087 2456 horum
1124 2426 1317 2455 versuum
1353 2414 1510 2453 ratione
1546 2412 1655 2452 viam
1684 2409 1798 2450 nobis

287 2480 550 2521 munitiorem
590 2493 676 2522 esse
712 2481 826 2522 vides
865 2481 917 2522 ad
952 2480 1276 2531 intellegendam
1307 2478 1519 2518 monodiae
1551 2477 1727 2518 Creusae
1757 2478 1799 2517 in

286 2544 432 2586 eadem
452 2545 594 2587 fabula
614 2558 648 2586 v.
670 2549 889 2590 859—922
910 2546 1180 2600 responsionis
1203 2544 1549 2596 aequabilitatem.
1594 2541 1718 2583 Cuius
1738 2543 1797 2583 rei

285 2623 416 2651 unum
444 2611 625 2665 profecto
656 2612 952 2655 documentum
972 2614 1132 2653 certum
1153 2610 1398 2662 agnoscitur,
1428 2608 1535 2660 quod
1557 2608 1635 2648 duo
1656 2620 1691 2647 v.
1710 2609 1795 2648 tro-

286 2677 417 2717 chaici
446 2677 525 2718 sibi
554 2679 801 2731 respondent
830 2691 865 2719 v.
893 2681 971 2721 889
1003 2672 1164 2729 κρόκεα
1194 2672 1366 2714 πέταλα
1398 2671 1581 2727 φάρεσιν
1610 2668 1798 2724 ἔδρεπον

287 2745 328 2783 et
347 2754 383 2782 v.
407 2746 486 2785 900
508 2741 580 2782 ἵνα
599 2758 654 2794 με
675 2741 816 2794 λέχεσι
840 2741 977 2796 μέλεα
997 2739 1155 2794 μέλεος
1177 2741 1241 2792 (cf.
1258 2744 1356 2794 p.52
1366 2740 1437 2792 sq.)
1459 2739 1796 2793 praecedentibus

285 2809 347 2849 bis
377 2809 525 2850 iisdem
545 2810 677 2852 tribus
697 2811 967 2864 paroemiacis
988 2808 1216 2862 spondiacis
1248 2819 1294 2847 ac
1325 2808 1520 2858 sequente
1540 2806 1795 2858 paroemiaco
