2144 3279
994 238 1225 275 -2-

366 345 473 388 κατὰ
501 342 816 396 περιορισμοίς
847 340 893 382 δὲ
925 337 1104 390 ἀνίσοις
1130 376 1137 383 .
1159 376 1195 383 ..
1222 338 1413 393 μάλιστα
1445 341 1568 397 φιλεῖ
1596 341 1800 395 γενέσθαι
1829 342 1874 383 ἐν

364 414 458 461 ταῖς
480 405 698 463 παρόδοις
725 410 810 448 τῶν
837 409 986 459 χορῶν,

477 478 807 519 Consentaneum
827 476 954 526 igitur
975 476 1036 514 est
1057 474 1240 526 dactylos
1271 473 1381 513 chori
1411 475 1623 515 continuos
1651 476 1695 516 in
1723 476 1873 528 parodo

365 546 555 585 recitatos
591 543 643 583 ad
673 544 827 582 certam
863 540 1134 593 responsionis
1169 540 1303 590 legem
1344 552 1426 579 non
1456 551 1616 592 semper
1645 541 1768 581 fuisse
1799 542 1871 582 ad-

365 611 538 650 strictos
589 608 764 648 Omnino
785 608 924 646 autem
946 605 1088 658 parodi
1118 607 1268 646 natura
1299 618 1346 646 ea
1376 607 1449 652 est,
1478 608 1525 645 ut
1551 605 1756 658 dactylica
1783 620 1873 659 sys-

366 678 523 716 temata
559 686 639 714 non
678 684 924 724 quaeramus
966 672 1048 712 nisi
1084 671 1291 724 Sophoclis
1328 673 1481 719 aetate,
1521 683 1599 722 quo
1635 672 1799 712 auctore
1834 672 1876 712 id

365 743 561 781 novatum
588 738 750 779 videtur
776 739 823 777 ut
842 737 1017 789 paredus
1034 738 1116 777 iam
1138 749 1218 777 non
1232 750 1255 777 a
1270 738 1389 777 choro
1411 737 1663 777 orchestram
1683 735 1877 787 intrante,

367 806 438 846 sed
474 816 634 857 semper
669 804 752 844 fere
789 816 812 844 a
850 805 985 844 stante
1022 815 1173 854 suoque
1210 802 1349 843 ordine
1392 802 1584 854 disposito
1621 802 1876 842 recitaretur.

366 871 607 923 Dactylicae
646 872 785 910 autem
828 871 962 922 partes
1002 869 1142 921 paredi
1184 869 1291 921 apud
1328 868 1565 921 Euripidem
1608 869 1697 908 tam
1736 867 1877 908 breves

366 938 481 985 sunt,
526 937 574 976 ut
614 935 824 988 complura
864 937 1092 987 systemata.
1136 934 1293 975 efficere
1342 947 1422 975 non
1466 933 1622 986 possint
1671 933 1795 984 (Med.
1839 945 1875 973 v.

370 1004 568 1049 131—37‚
600 1000 693 1041 Hel.
722 1013 757 1039 v.
793 998 1054 1052 164—oss>¹²)).

477 1066 628 1108 Statim
658 1068 786 1118 igitur
816 1066 865 1106 ad
897 1066 1103 1106 stasima
1133 1065 1357 1106 veniamus.

475 1134 610 1185 Atque
647 1133 689 1173 in
724 1136 1077 1171 Heraclidarum
1107 1130 1274 1172 stasimo
1310 1131 1440 1183 primo
1479 1143 1513 1170 v.
1552 1133 1739 1173 c‹]s—-29
1783 1144 1876 1171 cum

368 1200 527 1252 syllaba
548 1198 743 1251 syllabae,
773 1210 941 1239 caesura
971 1207 1164 1237 caesurae
1195 1208 1332 1237 severe
1359 1196 1615 1248 respondeat,
1651 1196 1878 1237 conforma-

367 1266 519 1306 tionem
540 1264 878 1317 antistrophicam
898 1264 996 1316 quin
1023 1263 1234 1314 agnoverit
1263 1264 1347 1303 iam
1372 1262 1466 1303 inde
1499 1276 1521 1302 a
1552 1262 1745 1303 Boeckhii
1771 1265 1879 1303 tem-

367 1332 529 1384 poribus
559 1343 678 1371 nemo
708 1332 782 1371 est.
842 1329 900 1370 Cf.
931 1329 1105 1369 Boeckh.
1136 1327 1277 1369 Graec.
1297 1330 1402 1380 trag.
1422 1329 1547 1380 princ.
1568 1342 1604 1381 p.
1625 1331 1716 1369 262.
1767 1327 1879 1378 Quae

368 1397 604 1449 compositio
625 1397 830 1445 accurata,
859 1395 967 1446 quod
988 1395 1036 1435 de
1056 1395 1177 1435 rebus
1199 1394 1485 1447 philosophicis
1507 1395 1654 1445 agitur,
1686 1394 1880 1434 carminis

367 1463 494 1503 indoli
525 1462 708 1515 apprime
729 1461 928 1502 convenit.
975 1461 1168 1512 Legimus
1190 1460 1301 1500 enim
1321 1461 1423 1500 haec
1452 1460 1553 1501 fere:
1583 1472 1648 1500 res
1677 1460 1880 1500 humanas

369 1541 455 1569 esse
486 1528 724 1577 mutabiles,
762 1528 948 1580 potentes
984 1527 1033 1567 de
1069 1527 1255 1567 fortunae
1291 1526 1454 1577 fastigio
1491 1525 1669 1573 detrudi,
1714 1527 1881 1566 miseros

369 1595 485 1645 erigi;
525 1606 628 1645 quae
666 1605 760 1633 cum
797 1593 947 1633 evitari
982 1604 1063 1632 non
1099 1593 1271 1644 possint,
1311 1593 1505 1644 sapientis
1542 1604 1629 1632 esse
1657 1592 1881 1644 tranquillo

367 1660 502 1701 animo
533 1660 648 1700 ferre.

479 1723 527 1765 In
556 1726 678 1765 huius
708 1725 835 1776 igitur
865 1725 1057 1765 carminis
1087 1723 1347 1776 dispositione
1369 1726 1536 1776 apparet
1557 1723 1768 1776 aptissima
1789 1735 1882 1764 sen-

367 1792 523 1832 tentiae
554 1803 717 1831 severae
748 1791 991 1842 aequalitas,
1023 1803 1117 1831 cum
1147 1791 1191 1830 in
1220 1789 1311 1830 aliis
1341 1790 1470 1829 maior
1497 1801 1636 1830 rerum
1665 1788 1882 1841 trepidatio

369 1858 585 1898 coniuncta
617 1869 711 1897 cum
733 1869 1000 1908 personarum
1029 1858 1143 1896 motu
1172 1857 1314 1908 poetae
1335 1855 1531 1895 maiorem
1553 1855 1763 1895 licentiam
1785 1867 1881 1895 con-

370 1924 546 1964 cesserit.
595 1922 733 1974 Atque
754 1923 798 1962 in
822 1922 939 1963 libris
967 1924 1159 1963 accurata
1186 1921 1394 1973 responsio
1414 1921 1520 1961 bona
1540 1920 1703 1961 fortuna
1723 1922 1884 1961 servata

370 1992 433 2030 est
462 1991 646 2041 excepte,
686 1990 735 2028 ut
769 1989 960 2029 omittam
995 1989 1193 2028 minutias
1229 1987 1560 2038 orthographicas
1595 1987 1755 2038 aliaque
1785 1986 1883 2026 olim

368 2057 572 2105 restituta,
602 2067 683 2095 uno
713 2055 799 2095 loco
830 2067 867 2096 v,
900 2057 990 2101 614,
1021 2053 1092 2104 qui
1123 2051 1293 2093 Seidleri
1323 2052 1539 2093 verborum
1569 2053 1882 2104 transpositione

368 2119 444 2160 τὸν
472 2114 507 2159 d'
542 2114 786 2168 εὐδαίμονα
814 2117 952 2169 τείχει
983 2113 1169 2166 ἀλάταν,
1211 2120 1259 2158 ut
1294 2118 1470 2170 spondeo
1513 2130 1559 2157 ex
1601 2118 1730 2157 altera
1766 2119 1882 2169 parte

369 2186 609 2239 respondeat
638 2186 839 2238 dactylus,
867 2198 948 2225 non
967 2186 1147 2232 sanatur,
1178 2183 1249 2223 sed
1279 2184 1331 2223 ad
1352 2185 1588 2223 accuratam
1608 2184 1882 2235 resposionem

369 2252 649 2294 restituendus
672 2254 743 2300 est,
774 2254 820 2292 ut
841 2264 888 2291 ex
908 2252 1032 2291 totius
1062 2249 1255 2290 carminis
1276 2249 1430 2300 insigni
1450 2249 1708 2300 responsione
1728 2247 1882 2299 liquido

370 2319 549 2371 apparet.

478 2385 640 2436 Anceps
680 2385 819 2423 autem
862 2383 1022 2434 syllaba
1063 2382 1105 2421 in
1154 2392 1249 2421 voce
1289 2375 1575 2430 βαρύποτμον
1616 2393 1651 2420 r.
1694 2382 1772 2422 608
1809 2392 1882 2420 ne-

370 2451 524 2490 minem
554 2449 694 2502 opinor
720 2449 909 2496 offendet,
941 2460 1035 2489 cum
1065 2448 1139 2487 hoc
1170 2446 1291 2487 verbo
1320 2447 1364 2499 in
1387 2447 1467 2487 fine
1497 2445 1725 2486 hexametri
1752 2445 1883 2498 posito

370 2515 575 2568 responsio
612 2528 695 2556 non
742 2515 1005 2556 disturbetur.
1069 2513 1225 2554 Eadem
1267 2512 1423 2553 ratione
1460 2512 1599 2553 hiatus
1642 2512 1685 2552 in
1721 2510 1884 2564 dipodia

369 2594 473 2633 quae
495 2582 678 2633 sequitur
697 2582 737 2622 et
758 2581 917 2633 saepius
948 2580 1015 2632 (cf.
1036 2593 1074 2632 p.
1097 2583 1120 2621 9
1139 2579 1211 2630 sq.)
1241 2579 1391 2619 bonam
1413 2579 1538 2619 habet
1567 2579 1882 2619 excusationem.

478 2737 511 2777 ³⁸⁶)
537 2736 578 2769 In
604 2735 752 2770 citando
770 2733 947 2778 Euripide
972 2744 1057 2767 usus
1082 2744 1162 2767 sum
1178 2731 1336 2767 Nauckii
1362 2731 1521 2765 editione
1545 2732 1621 2773 HL,
1646 2730 1685 2764 in
1703 2729 1880 2773 Aeschylo

371 2794 411 2825 et
434 2790 614 2835 Sophocle
639 2790 823 2825 Dindorfii
849 2791 905 2824 ed.
933 2790 976 2824 V.
1001 2788 1152 2825 Teubn.,
1179 2788 1217 2822 in
1243 2788 1487 2832 Aristophane
1513 2785 1663 2830 Bergkii
1688 2785 1744 2820 ed.
1770 2785 1816 2819 II.
