2110 3279
270 401 360 440 iure
391 400 592 441 convenit.
649 399 858 441 Nauckius
895 399 1080 440 admittit
1117 400 1191 440 hoc
1219 400 1338 439 unico
1366 399 1452 439 loco
1482 398 1782 451 prosodiacum:

272 457 321 514 ὃς
360 459 511 521 ὀμφὰν
550 464 727 520 κληροῖς
766 468 806 508 et
845 466 1064 519 tripodiam
1101 465 1392 505 acatalectam:
1430 461 1543 517 πρὸς
1576 460 1785 516 χρυσέους

274 528 447 580 θάκους
475 529 567 581 καί;
598 545 723 586 quam
752 535 799 574 ut
829 534 930 573 vitet
950 531 1202 573 Bartholdus
1232 531 1445 572 constituit
1469 530 1570 572 duas
1589 531 1785 585 tripodias

272 599 535 640 catalecticus
561 599 694 640 medio
724 599 766 639 in
796 600 1029 651 systemate,
1061 599 1118 638 ita
1149 598 1196 637 ut
1218 599 1411 649 metrum,
1431 597 1538 649 quod
1559 598 1646 638 iure
1671 598 1787 638 vocat

271 666 507 706 inauditum
537 665 645 718 apud
668 665 918 717 Euripidem,
948 666 1078 704 metro
1109 676 1190 703 non
1210 664 1346 704 minus
1367 663 1409 703 in
1430 664 1527 716 ipsis
1549 665 1785 716 systematis

274 730 471 771 inusitato
502 731 756 784 compensari
784 730 936 771 iubeat.
989 729 1085 770 Alia
1116 730 1242 781 igitur
1266 728 1533 781 ingredienda
1565 731 1626 770 est
1654 730 1731 771 via.

385 797 522 850 Atque
552 798 596 837 in
625 798 847 849 systemate
877 795 1041 848 quidem
1073 795 1180 847 quod
1211 796 1394 847 sequitur
1414 796 1701 848 praeponenda
1727 798 1788 837 est

276 863 517 904 exclamatio
547 875 581 903 V.
612 865 692 904 912
722 864 770 903 ut
799 863 976 915 saepius:

807 956 819 969 ³
849 957 856 970 J

805 975 872 1009 ιω,

804 1023 941 1074 κακὸς
972 1020 1180 1078 εὐνάτωρ,

273 1140 324 1169 110
354 1127 581 1168 habeamus
603 1127 823 1180 tripodiam
847 1128 1129 1169 acatalectam.
1180 1126 1416 1169 Admodum
1450 1129 1576 1180 igitur
1607 1130 1669 1169 est
1698 1141 1789 1181 pro-

273 1193 410 1234 babile
451 1193 518 1234 hic
552 1194 652 1234 item
691 1193 1031 1234 exclamationem
1062 1195 1175 1234 extra
1212 1207 1375 1234 versum
1405 1207 1490 1235 esse
1520 1194 1789 1246 pronuntian-

275 1259 381 1300 dam.
439 1258 624 1300 Scribam
654 1260 782 1311 igitur
812 1259 869 1300 sic
900 1260 1136 1313 disponens:

670 1374 751 1413 ωη,

461 1438 638 1479 paroem.
667 1422 742 1464 τὸν
772 1425 947 1474 Λατοῦς
977 1419 1112 1475 αὓόιῦ,
1144 1418 1192 1473 ὃς
1223 1421 1410 1480 ὄμφὰν*)

460 1504 635 1545 paroem.
668 1489 846 1545 κληροῖς
875 1489 987 1544 πρὸς
1014 1487 1220 1543 χρῖσέους*
1249 1486 1422 1540 θάκους

662 1555 735 1598 καὶ
766 1553 894 1611 γαίας
922 1553 1158 1612 μεσσήρεις
1189 1554 1331 1608 ἕδρας,

459 1636 637 1677 paroem.
669 1618 731 1672 εἷς
762 1617 836 1672 οὖς
867 1619 1007 1664 αὐδὰν
1037 1619 1233 1677 καρύξω·

394 1723 603 1775 Quomodo
639 1724 704 1774 fit,
745 1727 792 1766 ut
822 1726 1005 1777 systema
1031 1725 1139 1778 quod
1170 1726 1353 1777 sequitur
1382 1725 1624 1778 respondeat
1654 1737 1700 1766 ea
1728 1738 1794 1767 ra-

279 1790 403 1840 tione,
433 1803 514 1843 qua
536 1790 805 1844 Westphalus
837 1794 1112 1833 monometros
1145 1804 1191 1833 ac
1222 1792 1415 1833 dimetros
1444 1791 1659 1833 intendum
1682 1792 1733 1832 ad
1753 1804 1794 1833 se

280 1856 456 1898 invicem
486 1857 630 1898 referri
660 1857 865 1910 probavit:

755 1951 822 2008 ἰώ,

759 2020 896 2071 κακὸς
927 2017 1133 2076 εὐνάτωρ,

548 2101 724 2143 paroem.
757 2083 805 2139 ὃς
830 2090 893 2144 τῷ
922 2086 1002 2141 μὲν
1032 2086 1123 2143 ἐμῷ
1154 2084 1376 2145 νυμφεύτᾳ

753 2151 880 2207 χάριν
907 2150 956 2196 οὗ
989 2153 1230 2208 προλαβών

552 2233 729 2274 paroem.
761 2216 885 2262 παῖδ’
920 2217 981 2271 εἷς
1013 2216 1162 2270 οἴκους
1193 2215 1391 2270 οἰκίζεις·

399 2321 496 2362 Jam
526 2323 574 2362 ut
604 2335 811 2363 summam
842 2324 1181 2376 complectamur,
1211 2321 1410 2362 habemus
1438 2320 1554 2361 initio
1584 2320 1796 2361 monodiae

289 2387 462 2428 liberam
492 2390 795 2440 responsionem
827 2389 999 2430 duorum
1033 2389 1308 2440 systematum
1339 2386 1420 2426 fere
1451 2386 1727 2437 legitimorum
1757 2399 1796 2427 v.

293 2455 510 2495 859—880
541 2454 685 2495 eadem
717 2455 1014 2496 sententiarum
1045 2453 1333 2506 compositione
1365 2453 1638 2503 symmetrica,
1673 2463 1794 2502 quam

286 2519 330 2559 in
356 2518 554 2570 legitimis
585 2520 746 2573 saepius
776 2521 1046 2574 repperimus:
1073 2520 1576 2561 859—869oe87o—880.

1046 2579 1159 2589 —1—
1172 2579 1284 2589 ,a-r
1330 2577 1443 2587 x—...—
1456 2577 1567 2588 ,---r

1072 2597 1568 2648 614ἐῑ5ὲ14-ἶῑ

1068 2649 1562 2722 Q

399 2741 429 2785 ⁹⁶)
465 2735 506 2782 ὃς
538 2735 666 2786 ὀμφὰν
698 2742 875 2777 exhibent
901 2753 1025 2776 omnes
1051 2741 1192 2775 codices
1225 2741 1283 2783 (cf.
1316 2738 1572 2773 Wilamowitz.
1621 2739 1799 2773 Analecta

291 2795 489 2841 Euripidea
521 2797 578 2832 ad.
611 2797 660 2840 1.).
711 2797 852 2832 Codicis
877 2797 1078 2831 Florentini
1103 2807 1231 2830 manus
1257 2807 1275 2829 c
1300 2794 1518 2839 scripturam
1546 2788 1585 2834 ὅς
1609 2788 1642 2838 y'
1668 2793 1799 2838 ὀμφὰν

288 2854 388 2887 recte
413 2852 554 2897 respuit
577 2853 855 2888 Herwerdenus.
1560 2898 1573 2904 -

381 2915 523 2947 Eichler‚
543 2915 580 2941 de
601 2916 809 2946 responsione
831 2913 1017 2944 Euripiden.
1558 2907 1576 2928 ὓ
