2110 3279
828 270 1071 307 —9m

190 381 313 436 lentis
343 378 650 419 mutationibus.
700 377 789 418 Alio
820 376 933 416 ducit
962 377 1167 429 responsio
1198 387 1337 415 severa
1358 376 1400 414 in
1423 376 1590 426 reliquis
1611 387 1702 427 par-

193 446 317 493 tibus,
347 456 453 496 quae
483 443 672 484 ostendat
714 442 908 483 excidisse
948 442 1158 482 nonnulla.
1221 441 1352 480 Multo
1396 441 1520 491 igitur
1556 441 1704 480 rectius

190 512 420 564 disputasse
448 509 694 550 iudicandus
722 512 782 549 est
803 507 1089 555 Kirchhoffius‚
1120 506 1190 558 qui
1209 507 1429 558 quinarum
1449 506 1704 557 syllabarum

189 578 361 618 lacunas
390 576 633 616 indicaverit
661 577 752 627 post
779 587 813 614 v.
846 576 923 615 814
956 576 995 614 et
1024 585 1059 612 v,
1093 575 1170 614 815
1207 571 1340 612 deleto
1370 572 1490 612 verbo
1523 569 1695 618 παῖδες,

190 644 324 684 nescio
353 645 496 683 tamen
526 655 578 682 an
606 653 686 682 non
717 642 799 680 suis
830 641 944 679 locis.

299 709 376 750 Ille
409 708 518 748 enim
550 718 689 747 versus
726 708 805 747 814
837 717 930 745 011111
961 704 1191 755 insequenti
1222 716 1316 744 sane
1358 704 1486 743 artius
1518 703 1706 743 cohaeret

190 787 316 827 quam
350 775 398 814 ut
426 773 657 825 tripodiam,
694 784 797 823 quae
833 783 883 811 110
921 770 1018 811 ferri
1052 769 1219 821 quidem
1253 769 1379 821 possit
1408 769 1450 809 in
1480 770 1704 820 systemate

193 840 449 893 dipodiarum
480 837 752 891 perpetuitate
779 837 1034 889 procedente,
1063 835 1319 876 intercidisse
1352 834 1543 886 suspicar.

303 905 360 946 Ut
387 905 470 945 iarn
501 903 607 956 quod
636 903 721 955 ipse
753 904 883 943 sentio
913 915 1110 956 promam,
1139 914 1175 941 V.
1200 904 1278 943 799
1309 902 1349 941 et
1378 903 1455 942 817
1488 900 1539 940 ad
1566 911 1705 940 amus-

192 972 273 1013 sim
292 972 400 1011 inter
420 982 462 1011 se
482 970 773 1022 respondentes
794 982 874 1009 non
896 968 1084 1010 tentandi
1104 967 1307 1007 videntur.
1357 966 1405 1005 ln
1429 978 1546 1006 versu
1568 968 1705 1006 autem

192 1036 456 1078 antecedenti
485 1039 563 1078 816
595 1035 764 1076 verbum
794 1032 969 1086 πατρὸς,
998 1033 1106 1086 (111οᾶ
1135 1033 1213 1073 (1101
1244 1033 1309 1072 vix
1338 1034 1469 1084 potest
1498 1043 1621 1083 quam
1653 1032 1707 1071 sit

195 1104 417 1144 molestum
446 1103 521 1142 hoc
550 1103 636 1142 loco
667 1114 871 1153 quamque
900 1102 1115 1142 insuavem
1145 1100 1255 1139 creet
1283 1097 1512 1137 sententiae
1549 1097 1706 1137 acerbi-

192 1167 341 1215 tatem,
385 1180 582 1208 removeo.
642 1168 701 1208 Ac
737 1180 779 1208 re
810 1179 903 1207 vera
935 1165 1122 1207 codicum
1152 1163 1393 1204 memoriam
1424 1162 1707 1215 perturbatam

195 1247 283 1276 esse
311 1234 433 1275 metri
463 1233 631 1275 demum
662 1233 900 1274 deformitas
930 1244 1003 1273 nos
1034 1231 1205 1279 edocuit,
1235 1242 1329 1270 cum
1352 1228 1522 1269 verbum
1545 1225 1708 1278 πατρὸς

195 1312 415 1341 numerum
444 1300 604 1352 syllaba
631 1302 804 1352 superet.
863 1297 986 1339 Cuius
1028 1295 1202 1347 vestigia
1238 1296 1470 1347 prementes
1501 1306 1545 1334 eo
1576 1293 1707 1334 addu-

194 1366 329 1407 cimur
359 1368 408 1406 ut
428 1365 741 1406 antecedentem
770 1363 992 1417 tripodiam
1022 1363 1205 1402 hiulcam
1227 1361 1461 1412 expleamus
1482 1360 1556 1399 hoc
1576 1360 1708 1408 verbo,

197 1431 305 1484 quod
337 1431 386 1472 de
414 1431 501 1472 loco
531 1443 603 1472 suo
634 1443 720 1472 esse
752 1430 966 1482 delapsum
995 1441 1077 1468 non
1107 1428 1191 1467 veri
1222 1428 1283 1468 est
1314 1425 1521 1466 dissimile.
1570 1425 1710 1470 Videri

196 1497 364 1549 quidem
394 1498 520 1550 possit
548 1497 634 1537 illic
665 1496 784 1536 valde
815 1505 1175 1547 supervacaneum.
1227 1492 1305 1533 Sed
1335 1492 1540 1532 memento
1561 1502 1708 1542 quaeso

199 1564 249 1605 de
278 1575 356 1615 quo
380 1564 465 1603 viro
486 1563 679 1614 loquatur
698 1563 828 1614 poeta.
869 1560 930 1600 De
951 1558 1156 1610 Oedipode
1176 1558 1365 1610 profecto,
1385 1558 1453 1608 qui
1476 1558 1515 1597 et
1534 1559 1650 1608 pater
1671 1559 1711 1596 et

200 1630 327 1670 frater
345 1629 570 1670 liberorum
591 1640 758 1668 suorum
778 1627 866 1668 fuit.
916 1625 1049 1676 Quare
1068 1624 1254 1664 Eteocles
1276 1626 1316 1664 et
1335 1623 1548 1674 Polynices
1569 1633 1714 1673 quam-

200 1707 324 1747 quam
352 1695 482 1748 patris
514 1695 578 1734 sui
607 1694 758 1747 proprii
788 1694 906 1734 erant
932 1691 1019 1740 filii,
1047 1692 1188 1730 tamen
1207 1702 1301 1729 non
1329 1689 1546 1740 legitimi
1577 1689 1716 1728 erant

199 1761 300 1801 filii
334 1760 491 1813 patris
529 1760 603 1801 sui
642 1759 768 1811 quod
809 1758 996 1799 attinet
1033 1756 1091 1797 ad
1127 1756 1298 1797 matris
1333 1756 1530 1807 partum
1567 1750 1713 1805 (ματρὶ

202 1823 423 1878 λόχευμα),
452 1827 603 1879 quippe
632 1838 737 1877 quae
766 1827 900 1865 mater
931 1822 1076 1864 eadem
1107 1822 1207 1862 avia.

311 1891 369 1933 Ut
405 1893 515 1933 enim
558 1894 680 1932 antea
716 1892 759 1931 in
798 1902 833 1930 v,
864 1891 941 1931 803
981 1881 1150 1939 Zriffiuu'
1181 1880 1404 1932 Ἴοκάσῑας
1433 1885 1485 1924 ad
1514 1882 1715 1935 Oedipum

201 1958 450 2010 pertinebat,
493 1959 552 1998 ita
586 1958 654 1997 hic
690 1957 776 1996 vice
811 1967 928 1995 versa
963 1951 1094 2003 ματρὶ
1133 1947 1323 2001 λόχευμα
1354 1950 1406 1990 ad
1436 1950 1647 1990 Eteoclen]
1677 1951 1718 1989 et

201 2023 459 2076 Polynicem‚
489 2022 596 2074 quod
625 2034 671 2062 ex
700 2020 888 2061 omnibus
918 2031 1021 2071 quae
1050 2018 1299 2071 praecedunt
1330 2015 1508 2056 dilucide
1539 2016 1717 2067 apparet.

203 2088 340 2140 Atque
375 2089 419 2129 in
455 2089 642 2139 sequenti
678 2099 713 2126 v.
743 2089 820 2128 817
862 2087 941 2127 11110
971 2085 1140 2137 respicit
1168 2084 1286 2136 poeta
1311 2083 1352 2122 et
1380 2081 1541 2133 planius
1573 2080 1719 2119 dixisse

202 2154 365 2196 videtur
393 2166 597 2206 quosnam
629 2155 751 2195 antea
782 2151 1064 2204 significasset.

314 2220 403 2261 Hoc
434 2232 528 2261 vero
559 2219 734 2260 feliciter
763 2219 920 2259 remoto
951 2215 1073 2257 metri
1104 2215 1311 2256 defectum
1339 2212 1381 2252 in
1412 2224 1444 2251 r.
1467 2213 1545 2252 81ss
1567 2210 1718 2263 optime

204 2286 344 2328 sanari
371 2285 497 2335 vides,
528 2286 563 2326 si
591 2285 795 2337 pluralem
823 2277 1053 2333 μιάσματα
1083 2278 1438 2331 redintegraveris.

315 2351 379 2392 Ne
409 2351 508 2404 quid
537 2350 863 2404 praetermittere
893 2348 1048 2398 videar,
1083 2348 1221 2387 hiatus
1257 2344 1409 2398 passim
1438 2343 1646 2383 invenitur
1677 2341 1720 2381 in

205 2418 444 2471 systematis
475 2416 698 2469 dactylicis.
756 2415 1000 2456 Admittunt
1029 2414 1155 2454 etiam
1189 2412 1218 2452 ii
1252 2411 1323 2462 qui
1351 2422 1386 2450 r.
1419 2411 1517 2451 798³
1548 2408 1719 2459 proscri-

206 2484 311 2525 bunt
344 2482 499 2534 OEorso,
545 2481 834 2530 Hermannus,
870 2479 1094 2527 Seidlerus‚
1124 2478 1210 2529 alii)
1250 2477 1293 2517 in
1327 2475 1407 2516 fine
1445 2485 1586 2515 versus
1625 2484 1719 2512 aca-

206 2548 351 2589 talecti
378 2547 554 2598 hiatum,
587 2549 710 2599 atque
739 2546 940 2599 reperitur
969 2544 1108 2597 Suppl.
1139 2556 1173 2584 v,
1205 2546 1283 2584 277
1321 2544 1361 2582 et
1391 2542 1485 2581 ante
1516 2539 1720 2580 exclama-

206 2615 363 2655 tionem
391 2612 535 2655 Phaet.
557 2613 660 2664 frag.
683 2615 762 2653 775
792 2623 827 2652 V.
849 2614 913 2653 62.
963 2610 1100 2662 Atque
1128 2611 1266 2650 nostro
1285 2608 1372 2648 loco
1392 2604 1719 2657 interpunctione

209 2680 324 2732 gravi
359 2680 460 2721 satis
497 2680 730 2727 excusatur,
769 2678 811 2718 in
841 2676 977 2729 Suppl.
1009 2677 1148 2716 autem
1184 2686 1302 2714 versu
1334 2671 1615 2724 appellatione.
1672 2668 1721 2708 In

208 2758 244 2786 v.
277 2744 529 2787 catalecticis
558 2745 602 2785 in
632 2744 734 2784 duas
765 2743 945 2795 syllabas
974 2741 1099 2782 habes
1127 2741 1288 2781 hiatum
1318 2737 1481 2778 Heracl.
1509 2748 1545 2776 V.
1569 2737 1646 2777 (309
1667 2754 1722 2766 Ξ

209 2814 308 2860 620,
338 2810 466 2852 Andr.
496 2824 530 2852 v.
567 2812 851 2857 1191ω1178,
888 2807 1031 2848 Phaet.
1063 2806 1109 2847 fr.
1140 2810 1218 2847 775
1247 2817 1283 2845 V.
1316 2806 1364 2845 61
1397 2803 1503 2854 (post
1536 2801 1720 2848 exclam.)
