2110 3279
190 377 269 419 quo
299 367 364 407 vel
393 366 663 418 gravissimus
692 367 829 407 luctus
859 378 1101 418 summaque
1133 368 1260 408 animi
1282 368 1535 420 perturbatio
1563 369 1707 415 elucet,

190 431 345 473 maiore
375 433 501 473 etiam
529 433 754 472 metrorum
774 434 997 474 variatione
1030 433 1224 474 distincta
1253 445 1340 474 esse
1362 433 1573 483 debebant,
1593 437 1640 474 ut
1660 446 1708 474 ex

190 509 455 538 numerorum
483 499 641 538 ratione
672 498 815 538 sentiri
847 499 1146 550 quodammodo
1182 501 1317 552 posset
1350 511 1616 552 personarum
1648 501 1707 540 vi—

191 563 400 604 cissitudo.
457 562 524 604 Sic
552 563 678 604 habes
708 565 749 604 in
781 565 1040 617 anapaestico
1069 565 1275 605 Troadum
1305 565 1523 606 amoebaeo
1551 565 1708 606 chorico

127 673 132 676 ,
191 641 228 670 v.
271 632 497 671 197—229
534 641 799 681 personarum
837 630 944 671 vices
983 630 1186 671 indicatas
1226 630 1506 683 paroemiacis.
1571 630 1707 681 Quid?

192 694 300 747 quod
329 694 524 735 Arnoldti
552 695 733 748 primum
760 708 954 736 versuum
984 709 1058 749 par
1086 698 1129 737 in
1159 697 1434 737 acatalectum
1464 698 1546 738 exit
1583 698 1707 738 hexa-

192 763 386 802 metrum.
432 759 579 801 Nonne
598 761 700 801 haec
724 762 826 802 ratio
857 762 1207 803 continuationem
1232 762 1418 803 indicat?
1467 762 1529 804 Ac
1549 775 1592 803 re
1612 775 1707 803 vera

193 826 361 878 quidem
390 838 596 878 nusquam
626 829 713 867 tam
743 829 912 880 aequale
943 841 1069 880 quam
1098 829 1326 868 Arnoldtus
1364 828 1441 869 sibi
1473 829 1710 870 informavit

195 904 361 933 carmen
389 893 433 933 in
460 892 629 933 tantilla
658 895 885 944 systemata
917 894 1184 934 distributum
1214 895 1412 934 invenias.

304 957 384 999 Sed
404 958 606 1010 quidquid
628 958 676 998 de
696 970 888 999 versuum
909 960 1163 1012 singulorum
1189 960 1320 1000 forma
1346 960 1601 1010 indicaveris,
1620 961 1709 1013 ipsa

195 1024 455 1075 singularum
485 1024 709 1065 dictionum
741 1028 987 1076 argumenta
1017 1026 1054 1066 ei
1083 1038 1207 1077 quam
1237 1025 1452 1078 descripsit
1483 1026 1710 1066 Arnoldtus

194 1089 387 1131 carminis
417 1089 670 1142 dispositioni
699 1102 823 1142 quam
854 1092 1031 1132 maxime
1062 1092 1340 1132 adversantur.
1396 1091 1506 1132 Nam
1535 1092 1710 1133 eundem

194 1157 238 1197 in
279 1167 325 1196 eo
365 1168 521 1197 errasse
558 1157 678 1197 facile
713 1157 979 1208 intellegitur,
1003 1157 1109 1209 quod
1139 1158 1318 1210 primum
1350 1169 1543 1199 versuum
1571 1171 1644 1211 par
1673 1173 1709 1200 v.

195 1224 273 1263 277
305 1233 363 1273 sq.
395 1222 446 1262 ab
475 1222 710 1274 insequenti
737 1235 772 1262 v.
805 1225 883 1264 279
915 1235 971 1275 sq.
1002 1224 1181 1276 separari
1216 1223 1345 1272 iussit,
1381 1236 1484 1275 quae
1521 1237 1711 1265 versuum

194 1288 310 1341 paria
338 1289 568 1329 necessario
599 1287 732 1329 eidem
762 1288 1020 1339 adsignanda
1050 1291 1147 1329 sunt
1174 1301 1379 1341 personae.
1428 1290 1572 1331 Altera
1602 1292 1711 1331 enim

195 1354 392 1395 choreuta
422 1353 580 1394 duobus
610 1355 794 1395 versibus
823 1355 926 1395 nihil
958 1355 1112 1396 diceret
1138 1355 1217 1396 nisi
1255 1368 1297 1396 se
1335 1357 1579 1408 supplicare;
1615 1357 1711 1409 quid

196 1421 337 1461 autem
366 1419 604 1472 imploraret
631 1421 833 1468 reticeret,
865 1433 960 1461 cum
996 1422 1127 1463 altera
1163 1423 1250 1462 eius
1286 1422 1531 1474 supplicium
1569 1423 1711 1463 statim

197 1486 387 1527 adiceret.
451 1485 553 1526 Tam
591 1487 739 1526 miram
774 1486 955 1538 profecto
993 1487 1296 1540 dispositionem
1334 1488 1442 1540 apud
1471 1488 1710 1541 Euripidem

198 1564 265 1593 ine
293 1553 428 1604 legere
457 1564 539 1592 non
569 1551 751 1592 memini.

309 1617 416 1659 Sunt
445 1618 572 1658 etiam
603 1617 694 1665 alia,
731 1630 833 1669 quae
872 1619 989 1659 modo
1024 1622 1132 1660 recte
1175 1620 1486 1668 constituantur,
1521 1619 1713 1661 Arnoldti

199 1683 478 1726 distributioni
498 1683 672 1723 obstent.
719 1682 798 1724 Sed
819 1685 920 1725 haec
939 1697 1011 1725 nos
1033 1685 1083 1725 ad
1103 1685 1218 1725 illam
1241 1685 1397 1725 ducunt
1420 1687 1711 1737 quaestionem,

197 1762 303 1803 quae
333 1752 395 1791 est
433 1749 482 1790 de
523 1750 810 1790 choreutarum
848 1762 1035 1795 numero,
1072 1763 1150 1802 quo
1181 1751 1229 1792 de
1267 1751 1383 1792 docte
1416 1754 1461 1792 ut
1501 1753 1603 1793 solet
1639 1765 1712 1793 nec

197 1829 281 1858 non
314 1815 580 1870 probabiliter
625 1816 850 1868 disputavit
884 1816 1112 1857 Boeckhius
1147 1818 1190 1856 in
1225 1817 1327 1857 libro
1362 1818 1712 1869 praestantissimo

200 1883 250 1924 de
300 1894 470 1935 graecae
511 1881 745 1933 tragoediae
791 1883 1040 1935 principibus
1082 1896 1118 1935 p.
1155 1887 1206 1924 75
1239 1895 1295 1934 sq.
1360 1883 1414 1924 Et
1456 1884 1606 1924 evincit
1652 1884 1714 1923 vir

201 1960 390 1989 summus
429 1948 599 1988 chorum
638 1947 869 1988 constitisse
907 1961 955 1989 ex
990 1948 1190 1989 matribus
1229 1961 1438 1989 caesorum
1475 1949 1525 1989 ad
1555 1949 1713 1990 Thebas

199 2017 384 2068 septem
401 2014 555 2055 ducum
569 2025 792 2065 earumque
805 2013 984 2054 famulis.
1015 2013 1138 2054 Cuius
1154 2014 1336 2054 reihand
1351 2015 1567 2055 obscurum
1581 2017 1714 2055 exstat

197 2081 483 2123 testimonium
511 2081 555 2121 in
585 2079 754 2119 stasimo
782 2080 927 2130 quarto
956 2091 992 2119 v.
1024 2081 1102 2121 963
1129 2092 1186 2131 sq.

589 2173 699 2218 ἑπτὰ
726 2174 912 2230 ματέρες
941 2173 1052 2218 ἔπτὰ
1081 2174 1265 2230 κούρω-ς

589 2238 837 2297 ἐγεινάμεθ’
872 2239 917 2283 αἱ
946 2240 1222 2295 ταλαίπωροι

198 2355 302 2396 quae
332 2344 457 2385 verba
486 2357 581 2385 cum
611 2357 635 2385 a
664 2345 843 2397 quinque
875 2346 1077 2386 matribus
1103 2348 1269 2386 cantata
1300 2357 1386 2385 esse
1418 2344 1516 2385 velit
1534 2343 1714 2384 Arnold-

197 2413 267 2451 tus
285 2410 326 2461 (1.
345 2411 372 2450 1.
394 2423 432 2463 p.
453 2411 536 2462 76),
556 2411 714 2451 confert
728 2410 824 2450 Eur.
844 2408 874 2450 I.
891 2411 940 2451 A.
954 2423 990 2450 v.
1017 2414 1132 2461 1056,
1152 2411 1224 2451 ubi
1245 2410 1293 2451 de
1314 2410 1497 2452 Thetidis
1517 2409 1713 2450 Nereidos

198 2476 354 2529 nuptiis
396 2476 558 2517 dicatur
627 2471 899 2530 πεντήκοντα
949 2473 1076 2528 κόραι
1118 2473 1308 2531 Νηρέως,
1358 2477 1454 2528 quia
1503 2476 1568 2516 hic
1614 2476 1713 2516 item

198 2542 612 2594 undequinquaginta
653 2543 819 2583 tantum
857 2542 1055 2584 Nereides
1092 2543 1275 2596 (praeter
1311 2542 1458 2582 Thetin
1502 2543 1712 2594 sponsam)

199 2608 351 2649 saltare
385 2609 604 2660 potuerint.
669 2607 749 2649 Sed
782 2609 903 2661 longe
941 2609 1100 2650 diversa
1131 2612 1193 2650 est
1228 2609 1408 2649 locorum
1442 2608 1556 2647 ratio.
1622 2606 1714 2646 Illic

199 2675 310 2715 enim
328 2686 394 2715 res
413 2675 616 2718 narratur,
636 2686 740 2726 quae
755 2675 961 2726 quondam
981 2674 1074 2721 fuit;
1098 2686 1293 2715 numerus
1313 2674 1438 2725 igitur
1450 2684 1713 2724 personarum

201 2752 307 2793 quae
354 2741 730 2780 commemorantur
768 2740 818 2781 iis
858 2741 927 2792 qui
976 2741 1217 2793 spectabant
1264 2740 1444 2780 fabulam
1487 2750 1569 2778 non
1619 2739 1714 2778 ante

199 2806 336 2846 oculos
378 2807 476 2846 erat.
549 2805 737 2857 Itemque
778 2808 821 2847 in
857 2806 983 2846 Andr.
1026 2818 1060 2846 v,
1102 2809 1203 2847 1267
1225 2818 1282 2857 sq.
1323 2803 1521 2856 λαβοῦσα
1558 2797 1712 2856 πεντή-
