2110 3279
340 345 591 384 canticorum
623 344 928 395 dactylicorum,
955 355 1058 394 quae
1083 343 1249 394 quidem
1270 355 1293 383 a
1322 346 1406 385 toto
1429 346 1546 385 choro
1567 348 1846 395 cantarentur,

336 410 639 461 responsionem
678 411 844 449 strenue
884 420 930 448 ac
967 420 1105 449 severe
1137 408 1357 449 excoluisse
1389 409 1554 450 evidens
1584 411 1641 451 fit.

446 540 584 580 Minus
606 543 744 580 autem
777 551 866 579 eam
898 540 1055 579 curavit
1086 539 1128 579 in
1165 539 1358 580 chorico
1389 541 1646 582 amoebaeo
1668 547 1845 590 Suppli-

335 619 438 644 oum
464 618 498 646 v.
520 609 747 655 271-255,
767 617 844 656 quo
867 605 915 645 de
938 604 1236 646 diversissimae
1268 607 1365 645 sunt
1389 606 1570 658 prolatae
1601 609 1846 655 sententiae;

336 683 358 710 a
374 672 598 723 coryphaeo
621 672 731 711 enim
749 671 864 711 nulla
884 670 1142 723 responsione
1157 671 1377 711 recitatum
1400 673 1548 712 statuit
1567 672 1848 725 Westphalus.v

334 748 358 776 a
378 737 509 776 tribus
540 737 742 777 choreutis
772 737 1049 784 Hermannus,
1081 748 1104 776 a
1134 737 1312 788 quinque
1343 738 1581 787 Arnoffltus,
1610 739 1660 779 ab
1689 739 1848 791 integro

335 803 452 842 choro
483 802 738 853 Hartungus
769 803 811 842 hi
832 814 983 850 omnes,
1014 815 1108 843 cum
1130 803 1281 854 absque
1304 802 1423 843 dubio
1445 815 1611 844 carmen
1641 805 1694 844 sit
1714 806 1847 846 chori-

333 880 439 917 cum,
467 867 717 920 responsioni
746 868 834 908 iure
865 868 1061 914 faventes
1092 881 1224 920 neque
1255 880 1346 909 Vero
1370 868 1514 916 eidem,
1545 871 1602 910 sic
1621 873 1668 910 ut
1689 871 1848 912 diversa

333 946 474 974 eorum
506 934 612 974 inter
643 934 856 974 choreutas
888 934 1118 974 distributio
1148 935 1339 986 postulat.

443 999 739 1040 Examinemus
759 1000 886 1051 igitur
907 1000 1240 1051 compositionem
1263 1002 1303 1040 et
1323 1001 1622 1042 sententiarum
1637 1015 1845 1044 conexum.

441 1064 564 1105 Initio
596 1067 636 1106 et
666 1065 708 1106 in
737 1066 818 1106 fine
848 1065 1041 1106 carminis
1061 1066 1250 1117 quaterni
1270 1066 1465 1116 leguntur
1484 1067 1710 1109 hexametri
1730 1071 1847 1110 incisi

332 1143 473 1171 omnes
511 1133 602 1183 post
638 1131 747 1171 arsin
784 1130 950 1171 tertiani
981 1133 1141 1183 praeter
1170 1142 1299 1170 unum
1336 1143 1372 1169 v.
1405 1135 1495 1181 274,
1525 1145 1645 1184 quem
1677 1135 1846 1175 unicum

331 1208 499 1237 caesura
517 1197 712 1249 primaria
735 1199 942 1237 carentem
963 1197 1098 1237 nescio
1121 1209 1173 1236 an
1193 1195 1403 1238 Nauckius
1424 1199 1637 1239 verborum
1660 1201 1847 1253 transpo-

332 1263 494 1303 sitione:
527 1260 612 1302 ὑπὸ
649 1259 940 1312 Ιιάὸζιιείοισιν
971 1256 1185 1302 ἀπώλεσα
1216 1260 1371 1314 τείχεσι
1404 1266 1642 1307 restituerit.

441 1328 491 1368 In
522 1329 657 1369 medio
687 1332 827 1369 autem
857 1329 1057 1369 habemus
1079 1341 1219 1369 versus
1242 1329 1346 1370 alius
1367 1332 1546 1382 generis:
1577 1331 1675 1372 duos
1697 1332 1846 1373 alloeo-

330 1394 519 1435 metricos
558 1397 637 1435 275
659 1406 735 1446 sq„
778 1395 1063 1435 hexametrum
1107 1395 1381 1435 acatalectum
1420 1398 1515 1445 277,
1558 1397 1845 1450 heptapodiam

329 1460 616 1500 catalecticam
649 1461 691 1500 in
725 1461 929 1512 syllabam
956 1461 1021 1500 vel
1041 1461 1324 1501 hexametrum
1347 1462 1446 1501 item
1470 1464 1746 1504 acatalectum
1777 1463 1844 1516 (cf.

333 1526 558 1566 Hermann.
589 1526 641 1566 ad
672 1525 791 1578 Soph.
824 1525 964 1577 Antig.
992 1538 1025 1565 v.
1064 1529 1177 1575 1294,
1208 1525 1252 1567 O.
1286 1525 1326 1567 C.
1357 1539 1392 1565 v.
1420 1529 1516 1579 515)
1538 1531 1636 1578 278,
1665 1532 1846 1583 tetrapo-

334 1591 444 1631 diam
468 1591 752 1632 catalecticam
773 1594 852 1633 280
876 1586 1070 1631 οἴκτισαι
1094 1587 1209 1644 ἀμφὶ
1237 1589 1398 1631 τέκνων
1417 1587 1460 1643 μ’
1486 1588 1643 1644 ἱκέταν,
1673 1595 1847 1648 denique

332 1658 617 1698 hexametrum
656 1657 833 1698 incisum
873 1659 964 1710 post
997 1658 1234 1699 trochaeum
1264 1659 1433 1699 tertium
1464 1663 1539 1702 281
1573 1651 1597 1716 ᾗ
1629 1655 1705 1700 τιν’
1740 1656 1845 1701 ἀλά-

330 1737 420 1770 ταν,
457 1717 629 1772 οἰκτρὸν
655 1723 660 1776 {
688 1717 872 1773 ἰάλεμοι)
904 1718 1074 1774 οἰκτρὸν
1104 1719 1253 1764 ἱεῖσαν.

444 1790 538 1842 Ipsa
566 1789 694 1841 igitur
725 1790 918 1830 carminis
942 1790 1180 1842 compositio
1201 1791 1507 1842 symmetricam
1530 1792 1844 1845 descriptionem

334 1858 490 1897 certam
532 1856 596 1896 vel
639 1855 981 1896 verisimillimam
1017 1857 1133 1907 quasi
1169 1868 1242 1896 sua
1285 1859 1426 1909 sponte
1468 1858 1659 1899 ostendit.
1733 1858 1844 1910 Quae

333 1922 577 1973 symmetria
606 1922 649 1962 in
673 1933 750 1972 quo
779 1920 911 1973 posita
932 1921 985 1962 sit
1006 1922 1148 1962 statim
1170 1934 1416 1974 exponemus
1437 1923 1617 1965 refutata
1637 1925 1847 1977 Hartungi

336 1987 653 2028 conformatione
686 1987 871 2027 mirifica.
931 1987 1121 2040 Expulsis
1152 1988 1258 2028 enim
1291 2001 1327 2030 v,
1359 1991 1437 2030 275
1457 2002 1512 2041 sq.
1543 1991 1585 2030 in
1612 1991 1724 2032 verbi
1756 1990 1845 2030 ὸέι-

331 2049 459 2092 λαίαν
488 2054 625 2094 locum
655 2054 845 2105 supponit
876 2051 947 2092 καὶ
982 2051 1102 2105 γένυν
1134 2056 1174 2095 et
1195 2055 1379 2096 extendit
1408 2056 1679 2109 tetrapodiam
1710 2069 1743 2099 V.
1766 2059 1845 2100 280

330 2131 458 2171 usque
489 2119 540 2159 ad
571 2120 855 2160 hexametrum
885 2120 1077 2172 supplens
1108 2118 1199 2158 σὰν
1231 2117 1432 2160 δειλαίαν
1464 2123 1629 2173 γραῦν.
1690 2122 1769 2163 Sed
1789 2135 1841 2164 ne

330 2185 388 2224 sic
424 2184 589 2235 quidem
622 2185 875 2236 probabilem
914 2185 1047 2226 effecit
1075 2188 1396 2238 responsionem:
1434 2189 1582 2240 stroph.
1613 2191 1842 2230 271—274.

330 2250 486 2290 antistr.
518 2253 746 2292 277-281.
778 2252 888 2303 epod.
922 2254 1150 2293 282—285.
1202 2251 1311 2292 Nam
1341 2254 1469 2293 sexies
1492 2253 1655 2305 dactylo
1676 2267 1843 2307 respon-

329 2315 399 2356 det
428 2315 629 2367 spondeus
661 2319 782 2368 atque
813 2318 938 2358 etiam
969 2317 1047 2357 duo
1079 2318 1295 2358 acatalecti
1325 2319 1551 2359 hexametri
1581 2320 1843 2361 catalecticis.

330 2379 448 2421 Certe
491 2382 524 2421 si
566 2382 642 2422 hoc
680 2384 860 2423 statuere
905 2384 1061 2434 licebit,
1108 2384 1221 2424 brevi
1257 2385 1467 2436 continget
1506 2388 1554 2424 ut
1590 2386 1726 2426 omnia
1762 2386 1844 2426 sint

330 2446 633 2500 antistrophica.

437 2514 701 2554 Hermannus
732 2516 873 2555 contra
902 2515 985 2554 iam
1023 2518 1131 2555 recte
1171 2514 1329 2556 viderat
1364 2518 1558 2568 quattuor
1586 2518 1843 2558 hexametros

328 2578 445 2619 initio
472 2579 622 2632 positos
651 2592 687 2621 V.
720 2582 937 2621 271—274
968 2581 1143 2632 epodicis
1173 2594 1209 2620 v.
1243 2584 1458 2623 282-285
1489 2583 1743 2635 respondere.

439 2644 525 2685 Nec
556 2657 636 2686 non
662 2645 918 2686 demonstrat
953 2648 1071 2699 poeta
1106 2648 1213 2688 hanc
1241 2647 1482 2700 disponendi
1511 2648 1771 2700 diligentiam
1799 2661 1841 2689 se

331 2711 513 2751 consulto
543 2711 770 2752 instituisse
802 2712 859 2752 eis
890 2713 960 2764 qui
990 2714 1147 2754 mesodi
1173 2715 1260 2754 loco
1290 2714 1410 2765 positi
1438 2716 1535 2755 sunt
1556 2714 1739 2755 versibus
1761 2717 1840 2755 275

327 2778 476 2823 —281,
507 2776 697 2818 omnibus
728 2779 887 2829 generis
919 2780 1023 2820 alius
1054 2781 1176 2831 atque
1208 2780 1500 2832 antistrophici.
