2110 3279
966 234 1238 271 —55-

345 341 503 381 musica
533 339 759 380 modulatio
790 339 933 379 eadem
957 339 1081 379 fuerit
1111 340 1153 379 et
1182 339 1225 379 in
1253 338 1416 391 periodo
1450 341 1490 379 et
1520 339 1561 379 in
1591 341 1856 392 antiperiodo,

343 405 404 447 ita
432 408 480 447 ut
510 405 693 458 aequalis
723 404 914 445 ordinum
935 416 1132 445 numerus
1154 406 1249 445 ante
1274 406 1496 456 utrumque
1518 417 1683 446 versum
1707 407 1856 447 011000-

344 473 562 513 metricum
593 484 676 511 non
704 473 861 511 temere
882 470 1018 511 factus
1039 470 1092 510 sit
1112 483 1242 522 neque
1264 470 1477 512 immutari
1500 471 1688 513 debuerit
1709 484 1731 512 a
1752 485 1855 513 non—

343 537 468 590 nullis
499 538 660 578 criticis.

457 602 650 644 Ceterum
681 603 783 642 haec
812 602 941 642 libera
971 601 1161 641 ordinum
1191 604 1546 654 anapaesticorum
1576 604 1780 656 responsio
1811 617 1856 645 eo

342 669 518 720 iuvatur,
544 668 652 720 quod
681 680 784 719 quae
814 667 921 707 infra
950 668 1242 707 tractabuntur
1263 668 1451 718 strophas
1473 668 1616 709 eodem
1639 669 1757 709 modo
1779 670 1856 710 sibi

341 735 584 787 respondere
613 733 854 774 videbimus.

749 941 797 993 C.
849 941 1098 993 Carmina
1135 941 1435 994 monodica.

451 1067 672 1109 Artissime
717 1067 906 1107 cohaeret
942 1079 1036 1106 cum
1073 1066 1312 1119 Iphigeniae
1351 1080 1510 1108 commo
1548 1069 1767 1121 composito
1809 1082 1855 1110 ex

340 1135 475 1188 parvis
518 1136 564 1175 ut
605 1135 664 1174 ita
702 1133 837 1173 dicam
875 1132 1095 1180 monodiis,
1136 1144 1310 1184 quarum
1345 1135 1507 1185 utrique
1545 1135 1654 1175 chori
1689 1147 1856 1176 carmen

340 1200 574 1253 opponitur,
623 1199 814 1240 monodia
858 1198 1034 1250 propria,
1086 1199 1233 1238 actoris
1275 1200 1395 1239 unius
1443 1203 1589 1241 cantus
1630 1202 1854 1242 luctuosus.

341 1266 454 1316 Quae
493 1278 588 1307 cum
626 1265 679 1305 sit
708 1264 849 1305 eodem
885 1265 1129 1316 planctuum
1157 1264 1447 1306 naeniarumve
1479 1279 1643 1317 genere,
1683 1280 1854 1308 consen-

340 1335 511 1372 taneum
553 1332 616 1372 est
651 1331 838 1383 strophas
874 1329 986 1370 haud
1027 1330 1085 1369 ita
1127 1331 1308 1370 multum
1349 1331 1468 1371 aliter
1504 1344 1590 1372 esse
1627 1332 1854 1373 adornatas

342 1398 562 1438 Enimvero
592 1409 640 1437 ex
669 1396 757 1448 ipsa
787 1396 1017 1436 carminum
1049 1396 1368 1437 conformatione
1399 1399 1512 1437 certa
1542 1398 1606 1438 101
1636 1398 1853 1438 1011310111-

340 1464 442 1504 lima
485 1462 694 1514 dispositio
735 1464 936 1513 tanaqum
981 1474 1054 1502 sua
1096 1464 1237 1514 sponte
1280 1474 1321 1502 se
1363 1462 1489 1503 offert.
1547 1462 1656 1504 Nam
1701 1466 1773 1504 aut
1812 1465 1855 1504 in

340 1530 514 1580 utraque
551 1531 668 1581 parte
705 1528 815 1569 idem
845 1531 908 1569 est
937 1540 1079 1568 versus
1109 1529 1437 1568 alloeoinetricus
1467 1529 1553 1569 loco
1583 1529 1854 1581 respondente

341 1596 414 1636 aut
443 1595 524 1635 alia
554 1595 598 1635 in
628 1595 685 1635 eis
714 1595 957 1647 perspicitur
987 1594 1255 1644 concinnitas,
1282 1606 1385 1645 quae
1415 1607 1488 1635 nos
1518 1594 1663 1635 edocet
1691 1596 1855 1646 poetam

339 1661 624 1713 symmetriam
651 1660 953 1713 compositionis
984 1661 1172 1700 voluisse.

449 1725 651 1777 Quoniam
681 1727 745 1766 sat
768 1726 903 1766 multa
931 1727 1230 1779 praecepimus,
1259 1727 1341 1766 iam
1362 1726 1618 1767 illustremus
1641 1726 1744 1766 illud
1765 1738 1854 1766 car—

338 1793 499 1833 minum
529 1804 659 1844 genus
688 1791 796 1844 apud
826 1791 1066 1845 Euripidem
1097 1796 1183 1832 tam
1218 1792 1420 1843 frequens.

447 1860 581 1909 Quam
610 1869 800 1898 normam
831 1870 923 1898 sum
955 1860 1120 1898 secutus
1155 1858 1198 1898 in
1238 1858 1395 1898 cantico
1426 1858 1533 1909 quod
1563 1860 1740 1898 extremo
1769 1859 1854 1898 loco

336 1925 529 1974 tractavi,
570 1924 623 1965 ad
663 1924 835 1965 eandem
880 1924 1141 1964 disseruerim
1180 1924 1227 1964 de
1273 1923 1462 1964 monodia
1507 1924 1550 1963 in
1596 1928 1782 1963 Hecuba
1819 1937 1854 1964 v.

337 1993 514 2039 59—97,
545 2002 650 2043 quae
680 1992 779 2031 item
802 1990 940 2030 11111103
963 1989 1207 2041 diligentem
1227 2002 1351 2042 quam
1373 1990 1476 2030 aliae
1496 1990 1622 2030 habet
1641 1990 1854 2030 rationem.

335 2055 491 2097 Verum
520 2058 663 2097 tamen
698 2069 733 2096 1.
764 2056 1055 2096 alloeometrici
1092 2055 1234 2096 eodem
1274 2055 1392 2095 modo
1428 2055 1712 2095 demonstrant
1740 2068 1853 2107 syni-

339 2123 557 2164 metricam
597 2122 805 2174 quandam
849 2121 1213 2162 conformationem
1255 2133 1278 2160 a
1319 2124 1437 2173 poeta
1473 2133 1559 2161 esse
1604 2120 1853 2168 affectatam,

335 2200 431 2229 00111
470 2189 535 2229 1113
571 2187 758 2229 versibus
791 2187 1130 2240 respondentibus
1165 2199 1239 2239 par
1273 2186 1462 2226 ordinum
1498 2198 1711 2231 numerus,
1747 2187 1853 2226 terni

337 2253 433 2294 deni
463 2254 715 2307 anapaestici
744 2253 1008 2306 praecedant3
1044 2252 1170 2293 iidem
1200 2251 1327 2302 igitur
1356 2252 1465 2292 modi
1494 2251 1660 2300 musici,
1701 2252 1771 2303 qui
1811 2251 1855 2291 in

333 2319 495 2372 periodo
535 2320 721 2369 fuerunt,
756 2321 799 2360 in
829 2319 1080 2371 antiperiodo
1109 2318 1273 2371 repetiti
1310 2317 1510 2358 videntur.
1568 2317 1749 2367 Quorum
1785 2329 1852 2357 re-

334 2385 593 2438 sponsionem
613 2385 774 2427 facilius
793 2385 1001 2438 percipere
1020 2385 1192 2437 possunt
1212 2383 1470 2424 audientium
1492 2395 1620 2432 aures,
1651 2383 1685 2423 si
1712 2394 1851 2422 101303

332 2451 406 2502 1111,
435 2448 522 2491 bini
549 2451 792 2499 hexametri,
822 2453 871 2491 ut
898 2453 1123 2503 systemata
1146 2451 1205 2490 ita
1227 2450 1476 2490 sententiam
1499 2449 1715 2501 excipiunt.
1776 2447 1852 2489 Cui

334 2517 640 2570 compositionis
679 2516 921 2569 aequalitati
956 2515 1121 2556 studere
1159 2527 1203 2555 eo
1239 2514 1373 2566 magis
1410 2515 1521 2562 licet,
1562 2513 1669 2564 quod
1704 2513 1852 2564 quibus

332 2582 430 2623 locis
473 2582 630 2635 dactyli
670 2582 964 2623 continuantur
1005 2580 1237 2633 anapaestis
1274 2580 1461 2620 codicum
1508 2579 1710 2631 scriptura
1752 2578 1853 2618 vitia

332 2648 457 2689 traxit
486 2648 787 2690 molestissima.

442 2714 581 2755 Priore
623 2715 733 2754 enim
769 2715 856 2754 1000
892 2725 929 2753 V.
966 2716 1017 2754 76
1040 2725 1098 2764 sq.
1138 2710 1292 2751 tradita
1334 2711 1456 2751 verba
1500 2709 1722 2762 depravata
1765 2721 1851 2750 esse

332 2781 397 2820 vel
426 2780 550 2821 metri
578 2780 817 2820 deformitas
847 2778 1037 2819 ostendit.
1089 2777 1212 2817 Ratio
1244 2778 1383 2816 autem
1413 2775 1612 2826 quomodo
1643 2774 1697 2815 sit
1727 2774 1853 2815 corri-
