2110 3279
911 283 954 288 -
1018 263 1069 301 50
1127 284 1178 287 -,

404 370 483 422 Qui
512 370 652 410 autem
683 370 877 409 secuntur
907 379 1047 408 versus
1078 369 1120 408 in
1151 368 1348 410 Hecubae
1377 370 1546 421 planctu
1576 372 1690 424 epodi
1719 374 1805 413 loco

290 450 323 476 V.
359 440 589 479 169—71a:
783 480 797 486 5

763 487 796 527 εὖ
827 483 1004 539 τλάμων
1034 483 1197 542 ἅγησαί
1223 502 1304 540 μοι

763 550 887 602 πούς,
923 550 1085 608 ἅγησαι
1117 555 1172 607 τᾷ
1203 549 1334 609 γραίᾳ

760 616 872 673 πρὸς
900 613 1020 659 τάνδ’
1055 613 1216 660 αὐλάν·

290 722 482 763 videntur
524 732 664 762 eorum
701 721 862 771 generis
902 732 989 760 esse
1031 720 1102 771 qui
1136 720 1314 771 legitimi
1350 720 1501 771 gradus
1544 721 1805 772 comitantur,

287 787 495 840 spondiaci
517 786 747 827 catalectici
777 787 818 826 et
848 787 1114 836 monometer,
1144 787 1279 826 metra
1299 786 1442 826 tardae
1465 787 1629 828 mulieri
1650 787 1803 839 grand-

289 864 413 894 aevae
451 854 559 905 apta.
619 852 814 904 Reliquos
845 854 985 892 autem
1015 863 1157 892 versus
1187 851 1432 893 liberrimos:

650 943 685 990 ὦ
715 946 879 998 τέκνον,
914 942 949 989 ὦ
980 950 1064 989 παῖ
1092 946 1413 998 δυστανοτάτας

647 1014 850 1067 ματέρος,
884 1010 1028 1064 ἕξελθ)
1063 1009 1207 1065 ἔξελθ)
1244 1009 1394 1055 οἴκων·

650 1077 736 1135 [ἄιε
764 1077 955 1134 ματέρος
983 1075 1136 1129 αὐδάν,
1171 1073 1206 1120 ὦ
1237 1078 1468 1135 τέκνον,]“*·)

650 1142 711 1195 ὡς
741 1142 860 1203 εἰδῇς
890 1146 989 1187 οἵαν
1020 1146 1118 1187 οἵαν

649 1207 732 1253 ἀίω
765 1207 920 1268 φάμαν
950 1210 1050 1266 περὶ
1084 1214 1162 1261 σᾶς
1192 1216 1345 1269 ψυχᾶς.

287 1314 508 1355 amoebaeo
530 1316 572 1355 et
592 1315 667 1367 ipsi
690 1314 915 1354 admodum
936 1314 1063 1354 libero
1085 1313 1416 1354 adnumerandos
1439 1326 1524 1354 6886
1546 1313 1803 1355 crediderim.

286 1379 411 1420 Cuius
449 1392 589 1420 versus
626 1380 920 1421 alloeometrici
956 1380 1198 1429 intermixti,
1240 1392 1347 1420 unus
1378 1380 1591 1421 dochmius
1619 1381 1803 1432 proprius

285 1458 318 1485 v.
343 1448 419 1486 185
443 1446 483 1486 et
508 1447 591 1486 tres
621 1446 801 1487 dochmii
831 1446 1040 1498 spondiaci
1061 1457 1096 1485 v.
1123 1448 1211 1486 182.
1233 1448 1319 1487 190.
1348 1448 1424 1488 193
1447 1445 1513 1498 (cf.
1537 1445 1705 1487 Seidler.
1729 1447 1755 1486 l.
1777 1447 1802 1487 l.

284 1524 321 1563 p.
349 1515 412 1561 34.
443 1511 669 1553 Hermann.
698 1512 828 1553 Elem.
848 1525 884 1564 p.
907 1514 1003 1561 385,
1034 1510 1182 1552 Christ.
1214 1510 1357 1552 Metr.2
1384 1524 1422 1564 p.
1453 1515 1544 1563 456,
1572 1512 1802 1565 Westphal.

285 1578 309 1617 l.
333 1578 358 1616 l.
382 1576 461 1617 Π.2
479 1591 516 1630 p.
545 1578 655 1630 857),
685 1579 727 1618 in
757 1590 969 1618 summum
1001 1577 1129 1618 animi
1151 1579 1311 1617 motum
1340 1578 1523 1631 apprime
1545 1579 1803 1627 conveniunt⁷

284 1646 331 1683 ut
351 1643 455 1683 nihil
474 1644 735 1684 observatum
760 1656 846 1684 esse
862 1644 938 1684 tibi
955 1643 1144 1683 videatur
1156 1643 1235 1683 nisi
1250 1656 1447 1685 numerus
1459 1646 1675 1686 ternarius.
1698 1643 1802 1685 Cum

286 1722 377 1749 vero
401 1709 573 1750 Hecuba
603 1710 890 1762 13›e1·turbatum
924 1710 1110 1749 animum
1138 1708 1292 1759 aliquid
1312 1710 1480 1762 placans
1509 1710 1607 1762 quid
1637 1711 1692 1750 sit
1721 1710 1802 1750 fac-

283 1777 373 1815 tum
402 1777 552 1824 narret,
581 1788 848 1816 numerorum
870 1776 996 1816 etiam
1019 1774 1341 1815 moderationem
1358 1775 1551 1816 adhibere
1572 1775 1707 1816 visum
1729 1777 1800 1816 est.

393 1841 538 1893 Itaque
570 1841 782 1882 amoebaei
813 1842 924 1882 exitu
954 1840 1015 1881 bis
1036 1840 1142 1880 terni
1162 1853 1302 1881 versus
1331 1843 1590 1883 188—90=
1614 1844 1799 1883 191—93
1864 1898 1867 1899 ⁷

284 1919 551 1959 personarum
594 1908 679 1947 vice
717 1908 757 1947 et
802 1908 1026 1947 metrorum
1065 1905 1222 1946 ratione
1256 1906 1359 1946 bene
1396 1906 1581 1947 distincti
1615 1907 1725 1948 inter
1758 1920 1800 1948 se

283 1972 539 2025 respondent,
570 1973 729 2024 quibus,
759 1985 853 2013 cum
884 1972 926 2012 id
955 1972 1062 2023 quod
1094 1972 1297 2023 Reisigius
1326 1972 1524 2024 probante
1545 1972 1800 2013 Weckleinio

283 2038 488 2089 sagaciter
525 2038 836 2087 animadvertit,
872 2051 906 2078 v.
942 2040 1128 2079 194—96
1161 2039 1201 2078 et
1241 2039 1425 2079 188—91
1465 2037 1580 2079 sedes
1611 2050 1706 2079 suas
1735 2039 1800 2079 in-

283 2106 413 2144 vicem
450 2106 707 2155 permutasse
743 2104 827 2144 veri
864 2116 988 2155 quam
1030 2103 1207 2144 maxime
1247 2103 1301 2143 sit
1337 2104 1487 2152 simile,
1532 2104 1583 2144 ad
1621 2106 1800 2145 severius

283 2170 522 2210 threnodiae
553 2171 732 2210 metrum
763 2170 1008 2210 traducitur.

393 2235 604 2275 Hebemus
634 2236 772 2286 igitur,
799 2237 847 2275 ut
876 2236 958 2276 iam
989 2235 1127 2276 onmia
1149 2235 1259 2276 brevi
1281 2235 1542 2286 complectar,
1573 2235 1656 2275 fere
1678 2247 1799 2276 accu-

281 2302 413 2340 ratam
424 2299 485 2354 *Ὅ
501 2300 822 2341 concinnitatem
837 2302 959 2342 hanc:
980 2303 1501 2350 v.154—68oe197—210‚
1521 2312 1618 2352 quos
1636 2313 1799 2354 respon-

283 2366 426 2406 dentes
469 2379 610 2407 versus
646 2366 761 2419 epodi
796 2378 830 2406 v,
871 2370 1077 2408 169-71ἃ
1116 2369 1157 2408 et
1193 2370 1382 2408 211—15
1421 2366 1642 2419 excipiunt,
1682 2379 1729 2408 ac
1764 2380 1798 2408 v.

286 2434 470 2473 188—90
491 2434 766 2474 :191—93.
825 2431 905 2472 Ubi
935 2434 1076 2474 tamen
1107 2433 1234 2474 animi
1265 2433 1317 2473 ad
1345 2444 1555 2473 summum
1581 2433 1798 2485 perturba-
1856 2425 1860 2429 ’

280 2497 405 2537 tionis
426 2497 640 2549 fastigium
670 2498 896 2538 efferuntur
923 2499 966 2538 in
992 2499 1125 2551 prima
1152 2498 1361 2539 amcebaei
1389 2499 1506 2550 parte
1531 2510 1565 2539 v,
1591 2499 1797 2541 171b—87

285 2566 327 2608 a*
350 2566 537 2604 194—96
567 2565 684 2605 nulla
715 2564 1103 2616 antistrophicorum
1134 2565 1198 2604 lex
1219 2564 1433 2605 observata
1463 2566 1536 2614 est,
1566 2564 1664 2606 licet
1684 2578 1797 2618 sym-

281 2629 430 2668 metria
459 2629 662 2680 quaedam
694 2630 876 2670 eluxerit.

395 2759 427 2803 >1<>
453 2758 533 2793 iure
558 2771 626 2803 pro
651 2763 821 2804 suspecto
846 2760 960 2795 habet
985 2760 1083 2794 hunc
1109 2771 1252 2794 versum
1279 2759 1318 2794 O.
1344 2759 1578 2794 Ribbeckius.

371 2815 425 2857 ἢ)
451 2814 625 2848 nimirum
651 2818 881 2850 monometer
909 2819 971 2850 109
997 2816 1055 2860 (cf.
1081 2827 1116 2859 p.
1143 2815 1199 2860 49)
1225 2816 1422 2860 respondet
1448 2815 1604 2849 dimetro
1632 2819 1704 2850 156.
