2110 3279
899 249 949 252 —
1010 229 1031 265 7
1091 250 1142 253 -

267 334 462 386 quoniam
502 334 605 374 nihil
641 346 712 374 cur
748 334 963 387 displiceat
1000 336 1129 387 liquet
1157 335 1301 384 inesse,
1331 348 1425 376 cum
1454 348 1524 388 pro
1554 339 1773 390 anapaesto

268 399 504 452 saepissime
533 400 901 451 proceleumaticus
928 402 1104 453 ponatur
1131 401 1240 454 apud
1268 402 1456 453 tragicos,
1486 403 1569 442 solo
1589 403 1690 443 haec
1709 415 1773 443 res

265 477 344 506 usu
380 465 594 506 diiudicari
628 465 758 506 debet.
816 466 983 507 Etenim
1020 467 1171 507 mirum
1209 479 1306 508 sane
1342 467 1444 508 illud
1480 469 1612 520 potest
1646 468 1775 509 videri

266 544 338 572 cur
367 531 537 572 tandem
566 530 601 572 si
631 530 844 583 dactylum
875 533 1052 572 solutum
1083 532 1202 573 licuit
1229 545 1438 586 usurpare,
1467 534 1629 573 nullum
1659 534 1774 574 inve-

264 597 404 637 niatur
433 599 592 638 certum
622 597 853 648 exemplum
887 597 1097 646 eiusmodi,
1125 600 1173 638 ut
1203 601 1244 639 et
1273 600 1315 639 in
1337 599 1501 652 stropha
1532 601 1572 639 et
1601 600 1643 639 in
1673 600 1774 640 anti-

266 663 432 715 stropha
460 662 616 715 positus
640 663 693 702 sit
712 663 1099 714 proceleusmaticus
1120 676 1191 716 pro
1213 664 1390 716 dactylo.
1440 664 1591 714 Quodsi
1612 665 1773 716 quaeri-

266 741 357 769 mus
377 740 503 780 quam
522 729 659 779 legem
679 727 722 767 in
742 728 1029 780 componendis
1048 729 1231 769 versibus
1249 729 1461 783 dactylicis
1476 731 1520 771 in
1536 732 1774 772 universum

265 794 569 834 observaverint
602 794 760 845 poetae,
805 794 1069 834 statuendum
1111 793 1226 834 nobis
1263 797 1325 835 est
1360 808 1425 836 eos
1466 796 1509 836 in
1546 797 1621 837 hoc
1656 809 1774 837 versu

265 871 472 911 nusquam
511 871 593 899 non
635 859 900 900 severissimis
944 860 1264 912 antistrophicae
1304 862 1575 914 responsionis
1616 863 1773 913 legibus

265 924 492 975 oboedisse,
526 925 585 965 ita
616 927 663 965 ut
698 924 845 975 quibus
880 926 977 966 locis
1011 927 1112 966 haec
1150 926 1327 966 laeditur
1366 927 1537 980 pedibus
1577 928 1774 975 iambicis,

266 990 494 1039 trochaicis,
524 991 910 1044 proceleusmaticis,
939 991 1134 1031 librorum
1156 992 1198 1032 id
1218 994 1463 1045 corruptioni
1493 994 1545 1033 sit
1565 993 1773 1045 imputan-

267 1056 375 1096 dum.
446 1055 508 1097 Ac
549 1057 748 1108 quidquid
789 1057 986 1097 statuitur
1027 1057 1076 1097 de
1121 1058 1297 1110 spondeo
1338 1058 1607 1108 admittendo,
1653 1058 1775 1098 huius

264 1134 426 1174 quoque
463 1135 556 1162 rara
588 1125 651 1163 est
688 1123 893 1175 responsio
928 1135 1022 1162 cum
1053 1123 1227 1174 dactylo.
1285 1124 1428 1176 Itaque
1459 1124 1500 1164 id
1530 1136 1773 1176 magnopere

263 1187 342 1228 fuit
372 1188 619 1236 cavendum,
654 1201 758 1239 quae
795 1190 937 1241 suapte
978 1189 1126 1228 natura
1163 1189 1360 1229 inusitata
1398 1191 1505 1230 esset
1541 1190 1775 1241 rhythmica

265 1253 408 1303 forma,
437 1254 472 1294 ei
501 1266 552 1294 ne
581 1255 847 1307 responderet
877 1255 941 1294 sat
971 1253 1131 1294 diversa
1160 1255 1203 1295 in
1232 1267 1351 1295 versu
1381 1255 1594 1307 dactylico.

375 1319 471 1361 Jam
514 1332 606 1360 vero
647 1321 832 1373 exempla
873 1320 952 1360 ista
1001 1332 1094 1360 cum
1138 1322 1303 1361 tantum
1340 1321 1446 1361 absit
1492 1322 1538 1360 ut
1571 1321 1774 1365 ¹usitatam

265 1384 419 1437 dactyli
448 1386 623 1426 formam
652 1386 884 1435 exhibeant,
921 1388 968 1426 ut
997 1387 1267 1438 responsionis
1302 1387 1583 1438 integritatem
1612 1397 1774 1438 perver-

262 1453 370 1501 tant,
407 1452 572 1492 criticae
609 1452 849 1505 disciplinae
885 1453 1095 1493 severitati
1129 1452 1241 1492 haud
1277 1453 1610 1492 inconvenienter
1638 1451 1775 1491 videor

265 1518 441 1567 acturus⁷
472 1518 506 1558 si
527 1518 579 1558 ad
598 1517 831 1559 Hermanni
850 1517 1130 1569 Dindorfiique
1151 1517 1372 1570 scripturas
1394 1530 1458 1558 me
1479 1517 1645 1570 applico,
1674 1528 1774 1568 quo-

264 1595 356 1623 rum
385 1583 491 1624 alter
518 1583 562 1624 in
590 1584 718 1624 Andr.
738 1596 772 1623 v.
796 1587 874 1625 490
905 1583 1086 1623 restituit
1116 1578 1221 1637 ἀμφ’
1257 1578 1411 1636 ἔριδος,
1440 1583 1545 1625 alter
1572 1584 1615 1623 in
1635 1582 1774 1633 Antig.

263 1660 298 1689 v.
329 1652 407 1691 796
439 1645 559 1697 ἐκτὸς
589 1643 770 1699 ὁμιλῶν.

374 1715 489 1756 Haec
527 1716 768 1768 scripseram
804 1727 846 1755 re
885 1715 993 1768 apud
1030 1727 1097 1755 ine
1133 1715 1273 1756 sedulo
1301 1715 1516 1767 pensitata.
1574 1713 1660 1754 Nec
1690 1714 1776 1753 erat

263 1782 370 1833 quod
411 1794 476 1822 me
510 1781 651 1822 iudicii
688 1781 933 1833 paeniteret,
974 1794 1068 1822 cum
1106 1781 1366 1822 Buchholtzii
1398 1780 1645 1821 sententiam
1682 1791 1774 1819 con-

263 1846 428 1888 ferrem.
486 1847 629 1900 Neque
661 1848 771 1887 enim
801 1847 901 1886 haec
931 1859 996 1887 res
1027 1860 1144 1888 suam
1174 1859 1254 1898 qua
1282 1848 1438 1887 nitatur
1465 1845 1667 1886 rationem
1696 1855 1775 1883 non

263 1913 432 1964 retinet,
479 1914 513 1953 si
559 1925 653 1953 cum
694 1912 961 1952 Buchholtzio
1001 1912 1220 1960 faciamus,
1272 1912 1341 1963 qui
1384 1911 1554 1952 ultimas
1597 1909 1775 1961 quinque

265 1978 550 2030 antistrophici
578 1990 720 2019 versus
751 1977 932 2029 syllabas
962 1978 1205 2030 compositas
1235 1990 1322 2018 esse
1351 1978 1440 2017 vult
1469 1989 1516 2017 ex
1546 1974 1711 2016 tribrevi
1736 1976 1777 2014 et

264 2043 514 2096 pyrrhichio:
545 2038 692 2095 ἔριδος
717 2042 722 2096 Ι
751 2039 868 2093 ὅπερ,
898 2043 1044 2095 quibus
1064 2043 1308 2096 respondeat
1329 2055 1375 2083 ex
1399 2043 1527 2082 altera
1547 2043 1661 2093 parte
1682 2040 1774 2080 dac-

264 2109 376 2161 tylus
405 2111 446 2150 et
466 2110 567 2150 arsis
598 2110 819 2161 dactylica:
850 2102 1041 2158 αὐτοκρα
1068 2109 1072 2161 Ι
1098 2110 1209 2156 τοῦς.
1268 2108 1373 2159 Quid
1395 2110 1533 2149 autem
1568 2108 1777 2148 lucramur

265 2175 342 2216 hac
378 2175 565 2216 ratione?
622 2175 735 2216 Nihil
774 2174 964 2227 profecto.
1022 2175 1224 2216 Remanet
1256 2176 1365 2216 enim
1395 2174 1620 2225 scrupulus,
1654 2183 1775 2224 quem

266 2242 405 2282 movet
424 2240 568 2294 utique
593 2243 693 2282 arsis
714 2241 919 2292 dactylica
940 2241 1085 2288 soluta,
1107 2242 1172 2281 cui
1193 2241 1350 2282 accedit
1369 2238 1589 2280 mirificum
1608 2249 1774 2289 respon—

267 2307 391 2348 sionis
421 2319 550 2358 genus
578 2307 734 2359 dactyli
764 2318 859 2347 cum
890 2306 1057 2346 tribrevi
1085 2307 1128 2346 in
1158 2306 1342 2347 versibus
1373 2304 1598 2356 dactylicis,
1628 2303 1669 2342 in
1698 2314 1776 2353 quo

266 2385 347 2413 non
374 2385 590 2425 possumus
619 2385 700 2413 non
729 2372 942 2412 offendere.

376 2438 522 2480 Nonne
559 2439 594 2480 si
621 2438 713 2490 quis
755 2437 977 2479 audivisset
1017 2437 1110 2477 illas
1141 2437 1321 2489 syllabas
1364 2437 1505 2477 breves
1546 2433 1776 2475 choriambo

266 2504 559 2557 respondentes
588 2505 835 2558 percepisset
864 2503 997 2556 potius
1027 2503 1142 2543 illam
1163 2515 1286 2554 quam
1306 2503 1437 2554 priore
1458 2502 1542 2541 1000
1563 2498 1775 2540 reiecimus

266 2570 569 2623 responsionem
598 2583 721 2622 quam
751 2570 869 2617 hanc,
899 2569 933 2608 si
963 2568 1080 2608 modo
1110 2568 1210 2608 arsis
1240 2568 1443 2620 dactylica
1473 2567 1606 2607 soluta
1630 2565 1774 2615 longae

267 2637 413 2689 opponi
448 2636 581 2688 potuit
614 2637 658 2676 in
693 2629 963 2688 responsione.
1022 2632 1175 2674 Verum
1213 2635 1354 2674 tamen
1390 2633 1439 2673 de
1475 2633 1552 2672 hac
1586 2643 1629 2671 re
1667 2629 1774 2670 diffi-

269 2702 424 2743 cillima
444 2701 670 2742 diiudicatu
689 2713 799 2741 nunc
817 2712 900 2741 non
919 2700 1054 2752 placet
1075 2699 1278 2751 ambiguis
1292 2698 1533 2739 coniecturis
1546 2695 1773 2747 indulgere.

270 2767 498 2819 Pergamus
535 2767 662 2819 igitur
697 2767 749 2807 ad
791 2766 902 2806 aliud
943 2765 1140 2817 quiddam
1182 2766 1340 2805 certum
1379 2763 1483 2804 illud
1523 2762 1690 2814 quidem
1734 2761 1775 2801 et
