2110 3279
889 256 1162 294 -60—

266 361 397 414 δρυὸς
439 356 576 413 ἀπρὶξ
602 362 902 408 Weckleinius,
949 356 1085 409 ὃμοια
1126 356 1278 406 κισσὸς
1318 359 1544 411 Reiskius)·,
1585 360 1782 401 nimirum

266 428 515 470 adjectivum
545 440 637 469 cum
671 428 860 468 adverbio
892 426 1158 466 coniunctum
1189 427 1259 465 est.
1300 423 1407 474 Quid
1428 425 1592 465 multa?
1633 425 1710 476 Qui
1737 438 1783 466 ea

265 495 414 546 quibus
444 494 651 534 Troadum
690 495 801 533 locus
832 492 991 532 laborat
1019 491 1121 531 vitia
1153 490 1231 530 duo
1261 490 1536 530 observaverit
1565 502 1631 530 me
1661 490 1783 531 intel-

266 561 377 611 leget
403 572 483 600 non
505 559 590 600 sine
613 559 750 611 aliqua
772 558 855 598 veri
876 555 1144 597 similitudine
1168 555 1210 596 in
1229 556 1340 596 hunc
1361 555 1530 596 modum
1552 555 1782 606 disponere:

605 651 773 709 ὄρνισιν
805 652 930 703 ὅπως
960 655 1144 702 πτανοῖς
1171 651 1364 706 κλαγγὰν

600 718 758 776 μάτηρ,
793 717 957 774 ἐξάρξω
985 715 1064 773 ’γὼ
1094 717 1276 772 μολπὰν

602 782 650 827 οἵ·
682 785 763 828 τὰν
793 782 930 827 αι’-τὰν
962 785 1059 826 οἵαν
1089 777 1197 826 rior&
1230 783 1281 839 δὴ
1314 799 1344 827 6.
1366 799 1400 838 q.
1423 798 1450 826 S.

378 888 498 928 Certe
532 889 746 928 rectiorem
779 900 869 928 sum
902 888 1112 937 ingressus
1143 885 1253 926 viam
1284 897 1409 938 quam
1439 886 1509 938 qui
1538 885 1785 937 particulam

268 950 392 1001 ὅπως
429 954 676 1007 expellentes
716 954 902 994 scribunt
946 946 1079 1001 ὄρνισ)
1122 945 1285 1001 ἐξάρξω
1314 945 1392 1002 ’γὼ
1428 944 1608 1001 μολπὰν
1644 948 1785 990 Mark-

267 1020 418 1061 landus
446 1022 486 1061 et
515 1019 775 1070 Hartungus3
806 1029 1021 1069 nunquam
1053 1017 1162 1057 enim
1190 1016 1339 1067 tragici
1368 1016 1451 1057 iota
1481 1016 1680 1056 eliserunt
1711 1015 1785 1056 da-

266 1087 341 1126 1111
372 1086 435 1136 (cf.
467 1085 640 1126 Lobeck.
673 1084 722 1124 de
753 1096 830 1124 usu
862 1084 1094 1136 apostrophi
1124 1094 1160 1133 p.
1196 1086 1244 1123 10
1266 1082 1378 1134 sqq).

378 1162 526 1203 Restat
563 1164 609 1202 ut
645 1162 887 1201 lacunosum
928 1159 1197 1201 restituamus
1238 1160 1373 1200 locum
1413 1171 1447 1199 1.
1488 1163 1581 1200 144:
1631 1152 1782 1207 ἷῖλοχοι

267 1225 420 1279 μέλεαι
469 1224 542 1266 καὶ
582 1220 709 1276 κόραι
757 1221 1024 1281 δύσνυμφοι,
1072 1238 1149 1277 quo
1186 1225 1219 1264 si
1255 1237 1350 1265 cum
1387 1224 1638 1265 Kirchhoffio
1674 1224 1786 1264 brevi

268 1307 393 1335 manu
426 1288 554 1345 κόραι
587 1292 949 1346 proscriberemus‚
981 1303 1123 1332 sensus
1156 1291 1363 1331 laboraret
1392 1291 1648 1331 obscuritate.
1707 1289 1785 1331 Fe-

268 1361 386 1400 licius
434 1372 520 1400 rem
569 1359 763 1399 Musurus
805 1357 1025 1410 expedivit,
1071 1357 1140 1408 qui
1186 1353 1259 1395 καὶ
1298 1357 1545 1409 particulam
1591 1355 1787 1397 excidisse

267 1428 387 1478 putat
432 1427 523 1477 post
567 1425 721 1475 κοῦραι
770 1424 899 1464 oculis
938 1422 1093 1463 librarii
1131 1422 1349 1463 verborum
1387 1423 1496 1462 exitu
1534 1436 1600 1460 -αι
1642 1422 1786 1474 decep-

266 1493 332 1532 tis.
391 1491 477 1542 Qua
522 1490 756 1531 coniectura
787 1501 912 1541 quam
945 1488 1147 1529 contraxit
1178 1490 1357 1528 metrum
1386 1488 1500 1528 labes
1529 1488 1684 1529 refecta
1714 1490 1785 1529 est.

269 1556 529 1608 Quamquam
567 1568 618 1596 ne
657 1557 895 1607 persanaret
924 1566 1108 1604 versum,
1151 1556 1199 1594 ut
1235 1566 1377 1594 sensus
1408 1566 1566 1605 quoque
1595 1553 1786 1594 evaderet

269 1623 416 1671 dulcis,
456 1622 583 1662 nimia
626 1620 852 1673 scripturae
896 1619 1074 1660 traditae
1104 1620 1333 1660 reverentia
1362 1619 1657 1672 impedimento
1689 1621 1784 1659 erat.

269 1688 421 1729 Verum
457 1688 582 1739 igitur
619 1686 769 1727 vidisse
799 1685 974 1738 putandi
1011 1686 1108 1725 sunt
1138 1685 1402 1725 Hermannus
1433 1686 1579 1738 (opusc.
1610 1684 1710 1724 VIII
1744 1696 1783 1736 p.

269 1754 365 1804 205)
397 1755 437 1793 et
466 1752 673 1794 Seidlerus
705 1752 782 1803 (ed.
815 1765 849 1804 p.
881 1753 984 1800 152).
1013 1751 1081 1802 qui
1112 1751 1379 1803 scripserunt:

659 1845 813 1900 ἄλοχοι
845 1847 1016 1902 μέλεαι,
1050 1846 1204 1901 μέλεαι
1239 1850 1394 1900 κοῦραι

658 1914 731 1955 καὶ
766 1910 1026 1970 δι’·σιί·,ιι([οι.

378 2017 594 2058 Praeterea
631 2018 696 2056 1111
733 2018 795 2057 est
832 2016 938 2068 quod
977 2026 1295 2057 commemorem
1333 2026 1420 2055 esse
1450 2015 1712 2055 scribendum
1743 2015 1786 2054 in

266 2082 471 2122 mendosis
506 2095 540 2122 1.
574 2085 651 2124 139
684 2078 900 2137 ἐφέδρους
937 2084 977 2122 et
1016 2086 1087 2123 141
1130 2075 1256 2134 ξιρίᾳ
1293 2079 1358 2132 (cf.
1388 2079 1615 2121 Hermann.
1652 2092 1783 2133 opusc.

267 2147 366 2187 VIII
401 2161 436 2200 p.
467 2147 582 2200 206);
612 2161 713 2189 nam
742 2150 811 2200 qui
845 2149 1086 2200 expungunt
1116 2141 1291 2199 ξιρήκει
1333 2146 1551 2198 tripodiam
1591 2146 1785 2187 efficiunt.

376 2213 513 2264 Atque
543 2215 645 2255 haec
678 2215 847 2267 recipiet
878 2214 949 2265 qui
978 2212 1145 2264 quidem
1176 2212 1433 2264 simplicitati
1454 2213 1495 2252 et
1517 2211 1786 2253 concinnitati

264 2292 345 2319 non
376 2279 479 2319 nihil
510 2279 676 2320 tribuet.
727 2279 837 2320 Nam
868 2280 943 2320 hoc
973 2290 1104 2318 unum
1124 2277 1394 2318 incommodis
1414 2277 1645 2318 remedium
1667 2277 1784 2318 adhi-

265 2345 445 2385 bendum
473 2357 561 2386 esse
590 2345 891 2394 existimamus,
921 2346 968 2385 ut
990 2344 1031 2384 iu
1054 2343 1337 2384 emaculandis
1359 2343 1510 2396 apertis
1530 2344 1639 2384 vitiis
1660 2344 1785 2396 respi-

266 2412 424 2451 ciamus
444 2410 647 2451 rationem
670 2411 1020 2463 antistrophicam.
1064 2408 1197 2459 Quam
1227 2411 1275 2449 ut
1303 2409 1415 2449 facili
1443 2409 1607 2461 negotio
1627 2409 1782 2462 perspi-

265 2477 358 2516 cias
389 2476 574 2517 adscribo
602 2477 779 2528 insignia
801 2478 935 2518 metra
953 2473 1260 2528 respondentia:
1281 2478 1378 2516 sunt
1399 2475 1642 2516 monometri
1663 2487 1785 2528 spon-

266 2541 373 2582 diaci
393 2554 429 2581 1.
448 2545 525 2583 129
545 2562 600 2574 z
623 2547 712 2593 144,
734 2543 897 2584 dimetri
918 2541 1126 2594 spondiaci
1147 2540 1232 2580 bini
1252 2553 1286 2580 1.
1307 2543 1384 2582 126
1404 2560 1456 2573 =
1482 2544 1572 2590 142,
1591 2544 1714 2582 1.127
1730 2561 1786 2574 =

269 2610 357 2657 143,
386 2609 632 2660 paroemiaci
663 2609 870 2661 spondiaci
890 2608 977 2648 bini
1002 2621 1035 2647 1.
1062 2609 1137 2648 122
1157 2626 1212 2639 --
1236 2608 1312 2648 138
1344 2606 1577 2658 (scribendo
1609 2599 1685 2654 οὓς
1712 2618 1784 2659 pro

267 2671 387 2720 οἷοι-ς
422 2674 658 2715 auctoribus
695 2674 859 2727 optimis
888 2673 1093 2714 Troadum
1125 2672 1212 2713 cod.
1237 2671 1322 2712 Pal.
1355 2672 1408 2724 B,
1446 2672 1561 2712 Harl.
1591 2672 1666 2724 A),
1707 2674 1784 2714 137

264 2758 319 2771 =
357 2741 434 2779 152
481 2742 644 2791 praeter
688 2741 916 2792 complures
957 2739 1151 2780 dimetros
1197 2740 1237 2778 et
1283 2739 1558 2791 paroemiacos
1600 2739 1785 2779 usitatos.

265 2802 450 2856 Apparet
491 2805 555 2845 161
597 2817 642 2845 ex
681 2806 756 2846 hoc
799 2818 923 2857 quam
968 2816 1065 2846 vera
1105 2805 1159 2845 sit
1196 2804 1422 2844 observatio
1459 2803 1508 2844 de
1544 2803 1783 2856 spondiacis.
