2110 3279
661 766 909 838 Versus
961 766 1393 855 anapaestici.

340 975 386 1025 Ι.
444 974 526 1026 De
558 975 839 1039 legitimis
878 976 1332 1039 anapaestorum
1369 975 1714 1039 systema-tis.

381 1153 405 1193 J
412 1165 479 1192 am
501 1152 549 1192 de
575 1154 774 1204 legitimis
797 1154 1113 1204 anapaestorum
1135 1152 1369 1204 systematis
1392 1151 1647 1204 disputaturo
1668 1154 1790 1196 liceat

272 1219 405 1259 facere
442 1218 606 1258 initium
648 1219 697 1258 ab
734 1219 782 1258 iis
818 1218 888 1269 qui
928 1219 969 1258 111
1005 1218 1216 1269 tragoedia
1258 1217 1346 1269 ipsa
1383 1217 1561 1270 primum
1604 1219 1790 1261 obtinent

273 1285 420 1325 locum.
482 1284 779 1325 Recitabantur
808 1286 947 1324 autem
979 1284 1191 1336 anapaesti
1220 1284 1349 1335 primo
1388 1284 1473 1323 1000
1511 1285 1553 1324 111
1583 1284 1790 1338 Euripidis

271 1350 420 1390 fabulis
451 1352 523 1390 aut
553 1362 575 1389 a
605 1350 829 1401 coryphaei)
859 1350 1110 1390 orchestram
1141 1350 1334 1399 intrante,
1364 1349 1471 1400 quod
1500 1351 1640 1390 tamen
1661 1364 1789 1402 genus

272 1416 484 1468 Euripides
514 1429 594 1456 non
625 1418 706 1456 iam
738 1415 926 1456 adhibuit
954 1418 1116 1468 praeter
1143 1416 1243 1455 duas
1278 1415 1473 1456 Hecubae
1501 1418 1541 1456 et
1566 1415 1789 1458 Alcestidis

272 1481 460 1533 parodos,
504 1485 575 1522 aut
612 1482 662 1521 ab
702 1484 836 1522 actore
874 1482 1053 1534 primum
1084 1482 1127 1521 in
1157 1493 1350 1522 scaenam
1384 1481 1647 1533 procedente,
1689 1495 1789 1534 quos

272 1545 355 1587 fere
407 1560 547 1587 omnes
596 1548 790 1587 melicum
843 1560 1009 1587 carmen
1052 1548 1323 1596 subsequitur.
1392 1546 1552 1587 Deinde
1593 1550 1704 1588 certa
1745 1550 1787 1589 in

271 1613 479 1653 orchestra
519 1613 613 1653 sede
657 1615 855 1665 occupata
893 1613 1085 1653 nuntiare
1116 1614 1218 1653 solet
1257 1613 1403 1653 chorus
1441 1614 1683 1665 anapaestis
1718 1615 1788 1665 qui

272 1679 511 1729 plerumque
542 1691 623 1718 uno
650 1679 916 1719 absolvuntur
937 1680 1172 1730 systemate,
1205 1691 1353 1718 novam
1384 1678 1543 1729 ingredi
1572 1691 1786 1730 personam

272 1746 344 1784 aut
374 1744 614 1784 histrionem
654 1746 833 1796 aliquem
874 1757 894 1785 e
933 1755 1081 1785 scaena
1117 1743 1325 1784 decedere.
1385 1743 1631 1796 Interposita
1661 1745 1784 1785 etiam

272 1809 538 1850 inveniuntur
573 1812 887 1862 anapaestorum
924 1812 1151 1861 systfflnata
1187 1809 1375 1860 legitima
1413 1809 1520 1849 inter
1555 1810 1785 1850 carminum

270 1875 513 1915 melicorurn
560 1876 745 1928 strophas
795 1878 834 1916 et
880 1876 1173 1928 antistrophas,
1219 1876 1266 1915 ut
1311 1876 1508 1915 leniretur
1555 1875 1786 1916 animorum

269 1941 487 1981 tumultus
553 1942 738 1994 Denique
779 1941 1049 1982 severioribus
1091 1941 1251 1992 legibus
1289 1939 1508 1981 adstrinxit
1546 1944 1786 1994 anapaestos

270 2006 484 2059 Euripides
515 2007 557 2047 in
587 2008 712 2048 totius
743 2008 907 2048 fabulae
939 2008 1067 2055 exitu,
1097 2019 1175 2058 quo
1207 2007 1419 2059 anapaesti
1449 2007 1658 2047 canticum
1688 2007 1786 2048 ulti-

269 2084 383 2111 mum
416 2074 530 2123 sequi
561 2074 705 2114 solent.
765 2072 881 2123 Quod
915 2074 1232 2125 anapaestorum
1270 2084 1398 2123 genus
1434 2075 1598 2125 propter
1623 2085 1785 2125 compo-

267 2137 425 2177 sitionis
462 2138 778 2179 similitudinem
814 2139 958 2179 statim
997 2138 1171 2179 adiciam
1212 2139 1254 2177 in
1284 2139 1413 2189 primo
1444 2138 1601 2178 cantico
1630 2138 1784 2190 positis.

268 2358 324 2409 A.
373 2358 668 2424 Anapaesti
704 2359 761 2411 in
801 2359 974 2425 primo
1015 2362 1068 2410 et
1105 2358 1300 2410 ultimo
1341 2358 1551 2410 cantico
1590 2359 1771 2425 positi.

376 2495 562 2536 Primum
584 2503 899 2549 anapaestorum
921 2508 1050 2548 genus
1073 2509 1160 2537 esse
1181 2496 1404 2536 statuimus
1426 2508 1567 2536 eorum
1590 2497 1669 2549 qui,
1690 2510 1783 2538 cuni

266 2563 356 2612 post
381 2562 594 2613 prologum
626 2563 773 2603 chorus
803 2564 845 2602 in
875 2563 1126 2603 orchestram
1158 2563 1264 2602 esset
1285 2574 1533 2614 progu'essus=
1560 2563 1783 2604 recitaren-

267 2629 335 2666 tur
370 2638 393 2666 a
435 2629 670 2680 coryphaeo.
746 2628 962 2680 Euripides
1009 2627 1115 2668 enim
1158 2627 1198 2668 id
1242 2640 1411 2668 novasse
1447 2628 1610 2668 videtur
1654 2630 1701 2668 ut
1742 2629 1783 2668 hi

269 2692 478 2743 anapaesti
514 2693 597 2733 iam
627 2706 709 2734 non
740 2694 851 2734 chori
880 2695 1111 2745 ingressum
1150 2694 1438 2745 terminarent,
1475 2693 1547 2733 sed
1578 2693 1782 2735 choreutis

267 2757 469 2808 dispositis
508 2770 528 2797 a
562 2760 671 2799 chori
702 2760 881 2812 principe
919 2760 1298 2812 pronuntiarentur,
1340 2759 1437 2799 licet
1474 2771 1640 2799 carmen
1676 2759 1782 2810 quod
