2110 3279
868 280 1110 301 —,—

239 367 425 420 θείασος
455 373 733 414 arbitrabatur
764 369 925 420 θίασος
953 374 1027 413 hoc
1057 374 1176 413 unico
1203 374 1289 414 loco
1310 374 1485 426 priorem
1508 373 1748 426 productam

236 439 399 480 habere.
448 438 536 479 Hoc
558 441 620 480 est
641 440 754 480 abuti
775 440 920 491 glossis
940 439 1225 492 Hesychianis.
1276 438 1465 480 Ceterum
1489 440 1590 480 haec
1615 440 1748 490 glossa

233 506 284 546 de
314 506 627 558 interpolatione
656 506 775 546 Valde
797 507 987 558 suspecta
1017 519 1040 546 a
1066 505 1264 546 Mauricio
1286 503 1513 545 Schmidtio
1533 506 1617 545 iam
1639 507 1748 546 recte

236 572 373 613 deleta
394 573 466 612 est.
516 571 604 612 Usu
624 572 752 623 igitur
783 583 830 612 ac
860 572 1017 612 ratione
1046 572 1154 611 hanc
1184 583 1271 611 rem
1303 570 1590 623 disceptemus.

343 636 424 678 Sed
467 639 642 688 quantas
686 637 764 678 sibi
808 637 964 690 peperit
994 636 1259 677 difficultates
1296 636 1609 685 Buchholtzius,
1653 648 1747 676 cuni

233 704 404 755 negaret
433 703 475 743 id
505 703 611 754 quod
638 704 781 754 negari
810 716 892 743 non
921 704 1053 755 potest
1074 702 1293 743 tribreVeni
1316 702 1479 743 omnino
1500 715 1581 743 non
1606 703 1747 742 tulisse

234 769 474 822 Euripidem
501 769 543 808 in
574 768 812 820 systematis
844 767 1073 821 dactylicis!
1131 767 1238 819 Quid
1269 769 1377 808 enim
1407 770 1544 808 nostro
1574 767 1749 809 efficitur

233 835 428 886 exemplo,
449 835 492 874 in
511 846 589 886 quo
614 834 738 875 simul
754 835 832 875 duo
854 834 1006 875 adsunt
1023 834 1219 874 tribreves
1239 833 1529 886 respondentes
1545 833 1747 886 dactylis?

241 899 387 941 Nonne
419 900 483 940 Vel
512 900 602 941 ideo
624 900 741 941 Valde
764 902 972 954 suspecti?
1004 899 1140 950 Quid?
1171 900 1275 951 quod
1297 912 1437 940 Versus
1459 899 1747 940 antecedentes

233 978 376 1007 omnes
406 966 713 1007 accuratissime
746 967 823 1007 sibi
853 967 1113 1018 respondent.

345 1030 424 1072 Sed
455 1031 736 1072 examinemus
767 1033 964 1085 exempla,
1000 1044 1103 1084 quae
1140 1032 1200 1072 Vir
1231 1031 1372 1072 doctus
1403 1031 1555 1071 attulit.
1612 1031 1747 1082 Atque

234 1097 277 1138 in
298 1097 536 1149 systematis
559 1097 772 1149 dactylicis
789 1111 917 1138 unum
938 1098 1007 1149 qui
1027 1099 1107 1138 huc
1128 1097 1350 1150 pertineret
1370 1097 1505 1137 locum
1526 1097 1748 1149 repperisse

234 1163 311 1204 sibi
347 1163 457 1203 visus
496 1164 573 1211 est⁷
616 1163 803 1204 Electrae
836 1163 1081 1216 Sophocleae
1116 1176 1153 1202 V.
1189 1165 1265 1204 148
1297 1155 1325 1200 <⁴22
1350 1156 1481 1207 Ἴτυν,
1523 1157 1748 1201 alatrum-21

236 1222 510 1280 &impl-qma.
570 1229 627 1268 At
661 1230 751 1281 quis
788 1232 849 1270 est
883 1229 983 1281 quin
1012 1229 1264 1279 singularem
1292 1229 1414 1268 huius
1444 1228 1519 1268 loci
1547 1229 1748 1269 rationem

234 1295 467 1348 perspiciat!
531 1294 641 1334 Nam
687 1297 734 1335 ut
768 1297 812 1336 in
848 1308 929 1336 uno
966 1294 1258 1347 aliquantisper
1299 1305 1612 1341 commoremur,
1656 1306 1747 1346 per-

234 1362 366 1402 lustra
391 1373 539 1413 quaeso
561 1362 747 1413 exempla
767 1360 1004 1414 Sophoclea,
1033 1360 1181 1412 quibus
1212 1360 1356 1400 eadem
1376 1359 1544 1409 ratione,
1574 1363 1620 1399 ut
1641 1360 1747 1399 auri-

234 1427 311 1468 bus
332 1427 490 1468 diversa
511 1427 797 1479 contrariaque
820 1439 1013 1468 mensura
1033 1427 1235 1479 percussis
1256 1427 1590 1475 commoveantur
1610 1426 1747 1482 animi,

235 1494 302 1534 hic
330 1494 554 1546 corripitur,
584 1492 669 1534 illic
698 1494 938 1547 producitur
969 1493 1113 1534 eadem
1144 1493 1319 1544 syllaba:
1346 1491 1450 1533 Phil
1480 1503 1514 1532 V.
1541 1495 1617 1534 827
1648 1486 1744 1530 ῧηι’

240 1555 400 1607 οὸύνας
428 1553 580 1614 ἀδαὴς,
611 1559 720 1601 v'me
744 1556 780 1599 ὁ
805 1556 983 1611 ειλΙέωι,
1017 1558 1062 1599 O
1087 1558 1128 1599 C.
1152 1571 1186 1599 V
1209 1561 1286 1600 883
1310 1554 1373 1608 ιῖρ
1393 1554 1468 1609 σι’-χ
1488 1557 1611 1610 ὕβρις
1639 1553 1748 1599 zdo’:

238 1623 374 1678 wrote,
407 1621 501 1666 αλ)
537 1622 731 1678 &vs-sarda,
761 1626 904 1678 Antig.
931 1638 965 1665 V.
992 1628 1107 1674 1240
1138 1624 1182 1666 O.
1205 1624 1246 1665 C.
1269 1637 1304 1665 V.
1325 1628 1416 1675 442,
1445 1625 1549 1666 Phil.
1571 1637 1607 1664 V.
1635 1626 1748 1665 1431».

348 1692 555 1734 Nimirum
599 1693 838 1747 producitur
873 1693 915 1732 in
955 1691 1052 1739 arsi⁷
1095 1691 1308 1744 corripitur
1346 1691 1388 1732 in
1425 1691 1543 1732 thesi.
1606 1689 1747 1742 Neque

238 1759 476 1800 mirandum
512 1762 574 1801 est
607 1760 715 1812 quod
735 1755 846 1805 '‘Ivrg
879 1757 920 1798 in
950 1757 1032 1798 arsi
1060 1757 1229 1810 produci
1258 1758 1399 1809 potuit.
1448 1757 1523 1797 Est
1552 1757 1659 1797 enim
1678 1756 1749 1795 ubi

237 1824 386 1866 ultima
412 1825 629 1867 nominum
657 1826 773 1872 in-vg
801 1824 951 1874 vel-vv,
975 1836 1072 1869 -rxog
1102 1825 1337 1864 exeuntium
1368 1824 1410 1863 in
1445 1823 1525 1863 arsi
1549 1821 1748 1875 produca-

237 1892 321 1931 tur:
351 1891 448 1931 Eur.
469 1891 589 1933 Herc.
611 1892 688 1933 fur.
709 1903 743 1931 V.
763 1895 786 1932 5
808 1886 960 1938 στάχυς
979 1885 1198 1941 ἔβλαστεν,
1219 1889 1281 1929 El.
1304 1902 1337 1929 V.
1365 1892 1465 1930 1214
1488 1885 1608 1940 γένυν
1630 1884 1748 1937 ἐμὰν,

239 1955 393 1997 Cratin.
417 1956 496 1997 fab.
526 1957 601 1998 inc.
623 1958 670 1998 fr.
697 1959 770 1999 138
801 1955 925 1996 Mein.
956 1952 1095 2006 πίτυν,
1125 1955 1284 2007 saepius
1308 1956 1350 1995 in
1371 1955 1572 2007 oxytonis:
1603 1947 1748 1999 κλιτίς

238 2020 357 2074 Soph.
379 2021 522 2074 Antig.
546 2036 580 2063 V.
600 2027 703 2064 1145
733 2022 793 2075 (cf.
809 2021 966 2063 Nauck.
982 2022 1033 2062 ad
1047 2021 1162 2074 Soph.
1184 2020 1246 2060 Tr.
1261 2032 1296 2061 V.
1312 2021 1418 2072 271).
1449 2019 1622 2060 Accedit
1642 2018 1748 2070 quod

236 2089 280 2128 in
294 2087 504 2128 recitando
520 2089 596 2128 hoc
611 2100 732 2129 versu
750 2090 844 2140 post
856 2089 1076 2140 repetitam
1097 2098 1235 2127 Vocem
1258 2099 1386 2139 pausa
1406 2085 1601 2138 temporis
1622 2084 1749 2124 statui

236 2154 387 2206 potest,
430 2165 536 2205 quae
575 2154 826 2206 producendi
865 2154 1016 2194 habeat
1049 2154 1133 2193 Vim
1175 2152 1240 2202 (cf.
1280 2151 1326 2193 G.
1362 2152 1587 2193 Hermann.
1619 2150 1747 2190 Elem.

236 2232 272 2272 p.
294 2221 402 2267 248).
461 2218 539 2260 Sed
570 2232 652 2260 non
681 2232 779 2272 opus
809 2222 872 2260 est
900 2219 1097 2272 pluribus,
1127 2218 1288 2270 quando
1318 2218 1359 2257 id
1384 2230 1467 2258 non
1489 2216 1629 2256 dubito
1649 2216 1748 2267 quin

239 2297 478 2337 persuasum
523 2286 675 2326 habeas
719 2297 871 2327 nomen
900 2280 1011 2323 ''Izi-2¹
1047 2284 1291 2337 productum
1337 2284 1488 2323 iustam
1531 2282 1748 2323 admittere

239 2351 552 2392 excusationem.

349 2415 461 2466 Quae
487 2419 699 2469 praeterea
726 2416 845 2456 affert
872 2417 1057 2468 exempla
1083 2415 1378 2456 Buchholtzius
1409 2427 1456 2455 ex
1484 2413 1657 2466 strophis
1688 2411 1748 2452 al-

237 2481 507 2522 loeometricis
539 2483 635 2522 sunt
665 2482 920 2535 deprompta;
951 2482 993 2522 in
1022 2481 1169 2533 quibus
1198 2493 1327 2522 unum
1359 2482 1434 2527 est,
1466 2478 1584 2531 quod,
1615 2477 1747 2530 prius-

236 2559 362 2600 quam
392 2547 443 2588 ad
471 2547 604 2599 ipsam
633 2560 720 2588 rem
750 2549 1019 2597 transeamus7
1049 2559 1310 2600 praemonere
1340 2546 1473 2586 visum
1502 2546 1573 2585 est.
1632 2542 1749 2593 Quod

238 2613 349 2654 enim
379 2612 480 2653 arsis
510 2612 714 2665 dactylica
741 2626 844 2654 num
874 2612 975 2653 solvi
1003 2614 1129 2665 possit
1158 2612 1265 2665 apud
1286 2613 1462 2663 tragicos
1484 2609 1655 2650 dubium
1677 2611 1749 2657 est,

236 2679 280 2719 id
308 2678 398 2719 fieri
425 2690 539 2731 posse
560 2690 771 2730 negamus,
803 2679 837 2719 si
865 2679 1082 2731 respondet
1103 2678 1304 2730 dactylus,
1336 2677 1450 2717 cuius
1476 2674 1748 2727 responsionis

238 2745 317 2785 duo
356 2744 518 2785 exstant
556 2745 740 2797 exempla
780 2746 863 2785 iam
899 2745 942 2784 in
980 2744 1251 2796 suspicionem
1287 2744 1429 2783 vocata
1467 2754 1490 2781 a
1520 2739 1746 2782 Godofredo

238 2811 488 2851 Hermanno
537 2808 646 2850 Nam
667 2813 713 2850 ut
741 2810 1130 2862 proceleusmaticus
1162 2810 1237 2850 iste
1259 2809 1365 2862 apud
1386 2806 1562 2858 tragicos
1584 2804 1748 2846 defendi
