2110 3279
955 275 1228 313 —59—

337 382 473 435 puluS‚
501 394 580 433 quo
609 395 689 423 non
717 382 866 422 iniuria
897 381 1219 422 stimulabantur
1239 381 1505 422 Hermannus
1533 383 1574 423 et
1593 382 1851 434 Hartungus,

334 447 405 500 qui
444 449 650 489 coniciunt
687 447 948 488 scribendum
986 460 1071 488 esse
1115 441 1256 497 πόδα,
1290 441 1495 500 παρθέν’,
1539 444 1664 488 ὅσιον
1707 442 1846 496 ὁσίας,

334 513 442 565 quod
490 514 651 555 eluceat
689 514 859 554 chorum
899 512 1169 565 compositum
1211 525 1298 554 esse
1343 526 1390 554 ex
1434 514 1675 554 mulieribus
1725 527 1772 556 ex
1815 528 1848 554 v.

337 582 442 621 1069
463 591 557 631 sqq,
586 579 733 631 quibus
761 578 978 631 Iphigenia
1007 579 1179 619 chorum
1210 579 1433 631 alloquitur
1462 580 1525 619 his
1556 580 1705 620 verbis:

583 674 632 717 σὲ
662 674 736 717 καὶ
765 671 801 716 σ’
834 671 1054 728 ἱκνοῦμαι,
1088 673 1135 716 σὲ
1166 674 1213 716 δὲ
1245 673 1378 732 φίλης
1408 674 1629 732 παρηίδος

583 737 777 796 γονάτων
801 756 847 782 τε
877 740 951 782 καὶ
980 743 1065 781 τῶν
1097 739 1141 781 ἐν
1173 738 1352 794 δόμοισι
1383 739 1622 797 φιλτάτων,

583 805 746 861 μητρὸς
776 804 944 861 πατρός
972 822 1018 847 τε
1047 806 1122 848 καὶ
1151 805 1344 848 τέκνων
1373 805 1459 862 ὅτῳ
1491 811 1622 861 κ1·ρεῖ,

332 910 440 950 etex
465 921 500 948 v.
527 910 629 950 1143
642 920 724 960 sqq.
744 908 891 959 χοροῖς
913 904 961 947 δὲ
981 904 1175 962 σταιήν,
1211 904 1293 947 ὅθι
1325 905 1398 947 καὶ
1429 922 1529 960 παρ
1542 906 1701 956 θένος
1722 905 1847 948 εὐδο-

332 970 474 1025 κίμων
509 968 661 1026 γάμων
681 1005 690 1013 .
711 1007 719 1015 ,
741 1006 748 1014 ,
778 968 1030 1014 εἱλίσσουσα
1064 969 1228 1027 ἡλίκων
1259 971 1448 1021 θιάσους
1469 1007 1478 1015 .
1502 1004 1508 1012 .
1532 971 1685 1026 γένυας
1715 970 1847 1013 ἐσκί-

332 1038 462 1090 αζον.
505 1039 567 1081 Α6
595 1052 639 1081 re
676 1052 769 1080 vera
798 1040 900 1081 haec
930 1041 1053 1080 verba
1083 1042 1314 1091 coarguunt
1343 1041 1558 1081 choreutas
1593 1040 1741 1080 liberos
1775 1053 1846 1093 pe-

328 1105 481 1159 perisse
515 1117 592 1146 neo
628 1105 712 1146 iam
750 1106 927 1157 virgines
959 1118 1067 1153 esse,
1106 1118 1209 1157 quae
1241 1106 1291 1146 ab
1323 1106 1414 1146 aliis
1445 1106 1575 1146 nostri
1604 1106 1684 1146 loci
1714 1106 1848 1156 gratia

330 1172 497 1224 expulsa
526 1171 591 1212 vel
628 1173 790 1212 mutata
820 1174 926 1212 sunt.
975 1170 1129 1221 Quodsi
1158 1171 1256 1222 quid
1285 1172 1465 1223 recipere
1500 1172 1628 1223 possis
1666 1171 1847 1223 postulas

329 1237 428 1287 dari,
459 1237 564 1277 hano
594 1237 858 1277 construendi
888 1238 1048 1278 inierim
1079 1237 1298 1277 rationem:

719 1330 841 1376 πόδα
871 1331 1122 1388 παρθενίας
1153 1330 1275 1383 ὁσίας
1306 1332 1429 1376 ὅσιον

718 1397 960 1457 κλῃδούχου
994 1398 1132 1442 δούλα
1164 1400 1337 1453 πέμπω,

328 1512 409 1552 qua
444 1500 614 1541 forsitan
651 1503 771 1554 paulo
811 1502 1062 1543 emendatior
1091 1504 1340 1554 proponatur
1368 1514 1518 1542 versus.
1579 1501 1687 1541 Nam
1724 1501 1766 1541 id
1800 1502 1843 1542 in

328 1566 514 1618 partibus
542 1567 682 1618 lyricis
709 1570 750 1609 te
771 1580 852 1608 non
873 1568 1062 1615 offendat,
1092 1568 1198 1619 quod
1221 1567 1515 1608 adiectivorum
1538 1568 1846 1608 collocationem

329 1633 554 1673 metrorum
574 1634 722 1673 rationi
742 1633 929 1686 adaptari
950 1635 1227 1674 necessarium
1245 1633 1332 1673 fuit.
1365 1633 1423 1674 Cf.
1436 1634 1556 1673 Hero.
1572 1633 1644 1673 fur.
1659 1636 1733 1674 361
1747 1646 1842 1686 sqq,

327 1697 365 1738 J.
391 1697 433 1738 T.
463 1701 567 1740 1245
582 1710 650 1750 sq.‚
680 1699 722 1739 id
752 1711 882 1751 genus
913 1699 1003 1739 alia.

438 1763 519 1805 Sed
554 1765 629 1804 1106
667 1765 843 1816 largitus
881 1777 973 1805 sum
1004 1765 1317 1816 aliquantisper,
1352 1766 1399 1804 ut
1435 1764 1541 1815 quod
1578 1766 1709 1805 solum
1748 1766 1842 1805 reli-

325 1842 454 1881 quum
492 1831 557 1871 est
595 1831 829 1883 exemplum
858 1831 956 1882 quin
988 1830 1276 1881 corrigendum
1314 1831 1367 1870 sit
1404 1831 1527 1870 etiam
1560 1831 1695 1870 minus
1731 1832 1841 1882 quis-

325 1907 452 1947 quam
489 1895 667 1944 dubitet3
704 1897 745 1936 in
782 1908 860 1948 quo
892 1896 1013 1936 metri
1045 1895 1284 1936 deformitas
1316 1908 1360 1935 eo
1391 1894 1564 1935 adduxit
1600 1898 1646 1936 ut
1684 1898 1840 1946 perspi-

326 1963 488 2003 ceretur
516 1957 726 2013 Πρίαμον
757 1965 798 2003 et
823 1957 1012 2012 Ἑκάβαν
1048 1973 1135 2001 6336
1166 1961 1551 2012 interpretamenta,
1588 1961 1734 2012 quibus
1771 1974 1839 2001 ex—

323 2027 453 2080 pulsis
483 2028 598 2068 locus
628 2028 759 2069 colore
790 2040 882 2069 vere
911 2028 1068 2080 poetico
1095 2026 1259 2066 excellit
1289 2028 1330 2066 et
1359 2026 1496 2066 enitet.
1546 2025 1729 2066 Perbene
1760 2026 1837 2077 igi-

323 2094 393 2133 tur
421 2093 649 2145 Lentingus
677 2094 734 2134 sio
765 2094 978 2134 constituit
1008 2104 1165 2133 versus:

659 2184 688 2231 ἃ
719 2186 881 2246 σφάζει
909 2187 988 2242 μὲν
1017 2187 1094 2230 τὸν
1124 2183 1376 2241 πεντήκοντ3

658 2252 853 2312 ἀροτῆρα
882 2254 1055 2305 τέκνων,
1088 2251 1164 2307 ἐμὲ
1193 2252 1271 2294 τὰν
1301 2251 1463 2306 μελέαν
1495 2249 1531 2293 δ’

658 2318 720 2371 εἰς
747 2317 868 2363 τάνδ’
903 2315 1097 2372 ἐξώκειλ’
1132 2315 1252 2360 ἕὶταν.

431 2422 685 2475 Penta-podia
724 2435 841 2476 porro
879 2435 911 2462 v,
947 2425 1022 2464 148
1045 2435 1120 2474 sq:
1159 2418 1340 2471 μολπὰν
1371 2414 1419 2459 οὗ
1456 2416 1536 2458 τὰν
1569 2412 1704 2458 αὐτὰν
1736 2417 1834 2459 οἵαν

318 2484 430 2527 ποτὲ
461 2485 514 2542 δὴ
553 2488 753 2539 quomodo
789 2489 842 2529 sit
879 2488 1119 2539 corrigenda
1151 2499 1198 2527 ex
1228 2485 1567 2527 antecedentibus
1604 2497 1637 2524 v.
1680 2488 1756 2525 146
1776 2497 1822 2536 sq

319 2554 470 2603 elucet3
505 2566 638 2606 neque
674 2555 784 2595 enim
822 2566 998 2606 usquam
1029 2552 1223 2593 adverbia
1253 2550 1530 2603 comparativa
1561 2562 1607 2590 ex
1637 2550 1831 2590 orationis

317 2620 479 2660 luxuria
519 2619 792 2673 duplicantur.
860 2619 968 2659 Nam
1005 2619 1074 2670 qui
1114 2618 1223 2658 solus
1255 2616 1484 2668 comparari
1513 2615 1638 2667 possit
1667 2614 1765 2655 Hec.
1797 2628 1829 2655 v.

317 2688 396 2727 398
434 2679 571 2726 ὁποῖα
601 2683 756 2734 κισσὸς
787 2683 916 2737 δρυὸς
946 2681 1067 2730 ὅπως
1095 2696 1125 2724 6.
1146 2695 1182 2734 q.
1204 2694 1231 2722 s.
1263 2682 1366 2722 alius
1395 2693 1481 2721 esse
1512 2679 1671 2731 generis
1700 2680 1830 2731 quivis

315 2751 444 2801 videt,
480 2753 528 2792 ut
557 2752 747 2793 omittam
776 2751 841 2792 vel
869 2751 965 2791 huic
993 2750 1097 2797 1060,
1133 2749 1202 2800 qui
1240 2748 1393 2787 iustam
1423 2745 1725 2786 excusationem
1756 2744 1828 2785 ad-

315 2819 461 2868 mittit,
500 2829 647 2858 manus
689 2817 773 2856 iam
815 2816 925 2857 varie
962 2827 1048 2856 esse
1090 2814 1276 2853 admotas
1320 2808 1466 2863 (δριτὸς
1509 2805 1591 2862 ἐγώ
1629 2809 1830 2862 Sybeliu5‚
