2110 3279
943 282 1214 321 -53-

324 400 518 438 mannus,
556 400 635 440 quo
664 390 752 429 erat
781 388 826 428 in
856 391 942 429 arte
979 389 1152 429 metrica
1185 390 1403 431 tractanda
1444 391 1600 442 ingenii
1636 394 1836 442 acumine,

322 454 532 494 verissime
568 454 774 506 perspexit
810 454 1005 494 carminis
1043 454 1175 495 nostri
1204 454 1286 507 Iph.
1315 455 1357 496 T.
1388 468 1421 495 v,
1457 460 1531 498 197
1571 460 1610 498 et
1640 461 1719 500 220
1751 472 1835 500 esse

321 519 548 560 trochaicos
578 520 654 559 hoc
685 519 803 560 modo
835 519 1106 560 scandendos:

692 611 829 682 φόνος
860 610 938 669 ἐπὶ·
965 625 1102 684 φόνῳ,
1137 610 1244 678 ἰῖχεά
1273 624 1305 669 τ’
1341 614 1505 680 ἷέχεσιν·

691 710 863 779 ἄγαμος
893 710 1087 776 ἒῖτεκνος,
1119 709 1282 776 ἷέῐτολις
1312 711 1489 784 ἒῖφιλος.

322 827 416 868 Alia
446 829 780 880 superstruemus
811 828 1079 869 confidenter:

512 937 630 978 Jonis
659 950 694 978 V.
725 940 803 980 889
835 916 993 990 zpdzaecc
1022 921 1196 978 πέταλα
1228 921 1412 994 φάρεσιν
1442 922 1628 992 ἔδρεπον
1656 961 1711 974 =

650 1049 684 1076 v.
716 1040 794 1079 900
827 1019 897 1076 ἕίνα
933 1052 987 1088 με
1018 1019 1163 1088 λέχεσι
1200 1020 1338 1087 μέλεα
1368 1021 1539 1090 μέλεος.

319 1135 437 1176 Unus
466 1138 597 1177 restat
626 1149 766 1177 versus
797 1138 1188 1189 proceleusmaticus
1217 1138 1307 1191 Iph.
1338 1139 1381 1180 Τ.
1412 1152 1447 1179 v.
1479 1142 1570 1189 232,
1599 1152 1722 1191 quem
1751 1140 1832 1180 illis

318 1203 514 1254 perpetuo
550 1201 845 1254 impedimento
885 1216 970 1243 esse
1007 1204 1210 1255 putabant
1245 1204 1323 1244 viri
1354 1204 1463 1245 docti
1496 1204 1562 1256 (cf.
1594 1205 1831 1246 Buchholtz.

318 1266 423 1307 Mus.
451 1266 583 1308 Rhen.
615 1267 738 1307 XXII
768 1279 805 1318 p.
838 1271 889 1309 32
912 1268 1025 1321 sqq.)
1077 1269 1187 1310 Nam
1216 1271 1326 1310 hunc
1356 1271 1390 1310 si
1420 1271 1675 1311 trochaicum
1706 1271 1831 1312 duca-

319 1344 424 1383 mus,
455 1333 572 1373 nulla
601 1345 644 1373 re
674 1333 753 1374 nisi
781 1325 1186 1385 analogia‘nitimur.
1237 1335 1467 1376 Verborum
1497 1336 1607 1376 enim
1638 1339 1831 1377 accentus

319 1397 456 1438 obstat
484 1410 610 1450 quam
640 1400 818 1440 maxime
848 1400 1050 1440 scansioni
1071 1402 1317 1442 trochaicae:

688 1480 710 1507 >⁴1
785 1500 821 1516 1)
848 1494 856 1508 ι
912 1480 919 1488 “
996 1494 1019 1508 ³1
1124 1479 1134 1509 ἶ
1232 1495 1255 1510 ³»
1285 1482 1291 1489 ⁸
1331 1501 1342 1518 s
1378 1494 1388 1509 J

682 1513 746 1537 esc
777 1512 957 1551 ρρέφος,
991 1512 1055 1538 eu
1087 1514 1196 1549 reor,
1227 1515 1291 1540 eu
1322 1498 1469 1548 ὑαλος

316 1608 393 1636 nec
428 1597 565 1637 minus
601 1600 822 1648 sententia,
858 1611 956 1638 nam
987 1593 1047 1637 εἷ’[ι
1081 1611 1155 1639 vox
1183 1600 1340 1641 nullius
1369 1601 1560 1652 ponderis
1586 1601 1629 1640 in
1659 1600 1738 1640 arsi
1766 1601 1829 1640 ter

316 1662 392 1702 sub
422 1661 508 1702 ictu
541 1666 664 1704 esset:

683 1782 746 1826 ἔτι
776 1784 956 1843 βρέφος,
989 1785 1053 1829 ἔτι
1085 1785 1195 1838 νέον,
1229 1785 1293 1830 ἔτι
1324 1784 1470 1837 θάλος

314 1886 438 1927 verba
475 1889 616 1928 autem
645 1883 812 1939 βρέφος
849 1890 888 1928 et
924 1883 1070 1935 θάλος
1103 1890 1147 1929 in
1181 1890 1289 1929 thesi
1324 1890 1637 1930 occultarentur.
1694 1888 1827 1939 Quam

315 1952 634 2005 discrepantiam
665 1966 907 1994 numerosae
938 1954 1169 1994 Hermanni
1194 1967 1312 1995 aures
1342 1955 1426 1994 iam
1452 1957 1728 2007 perceperant,
1757 1955 1827 2006 qui

313 2018 375 2057 vir
403 2019 782 2070 praestantissimus
811 2022 942 2060 metro
972 2019 1128 2060 mederi
1159 2019 1299 2059 studet
1327 2020 1405 2060 hac
1433 2020 1766 2072 transpositione:

594 2113 733 2157 κλαίω
765 2112 988 2170 σύγγονον,
1024 2111 1072 2157 ὃν
1104 2113 1262 2158 ἔλιπον
1291 2113 1356 2158 ἔτι
1381 2114 1549 2174 βρέφος

594 2179 908 2236 ἐπιμαστίδιον
937 2179 1049 2232 τόιε,
1083 2181 1181 2224 νέον
1211 2179 1276 2224 ἔτι
1306 2180 1463 2232 θάλος.

312 2282 362 2322 Id
398 2282 521 2325 facile
564 2283 789 2325 adducerer
828 2287 876 2325 ut
911 2297 1055 2325 verum
1086 2297 1173 2325 esse
1204 2284 1430 2333 crederem,
1464 2284 1544 2325 nisi
1586 2286 1628 2325 et
1664 2285 1828 2324 numeri

312 2346 479 2389 illorum
522 2362 718 2390 versuum
757 2362 829 2402 per
874 2362 916 2390 se
956 2351 1052 2390 boni
1097 2350 1348 2403 anapaestici
1392 2350 1511 2390 liberi
1563 2352 1604 2391 et
1653 2350 1825 2390 mutatio

312 2414 526 2455 violentior
567 2417 685 2456 esset.
736 2417 886 2456 Veram
917 2416 1046 2467 igitur
1076 2415 1384 2468 dispositionem
1415 2427 1504 2456 esse
1535 2415 1825 2468 spoponderim

311 2481 360 2519 ut
396 2482 436 2520 et
472 2480 696 2533 tripodiam
732 2493 766 2521 V.
798 2484 877 2523 232
909 2483 951 2522 et
987 2481 1278 2534 pentapodiam
1315 2494 1350 2521 v.
1382 2484 1461 2522 226
1498 2480 1675 2521 vitemus
1710 2481 1825 2521 nulla

311 2545 541 2586 mutatione
573 2548 615 2587 et
643 2547 885 2600 placidiores
916 2547 1144 2587 habeamus
1169 2558 1379 2586 caesuras:

674 2642 823 2694 ξείνων
855 2637 1111 2696 αὶμάσσοιὸ
1146 2638 1254 2683 ἄταν

672 2708 850 2762 βωμοὶ-ς
879 2703 1051 2760 οἰκτράν
1079 2703 1113 2747 τ’
1148 2704 1388 2758 αἰαζόντων

673 2770 814 2816 αὐδὰν
847 2769 1020 2827 οἰκτρόν
1048 2768 1082 2814 τ’
1116 2771 1418 2826 ἐκβαλλόντων

675 2836 879 2894 δάκρυον.
911 2838 985 2880 καὶ
1015 2841 1088 2879 νῦν
1119 2836 1273 2879 κείνων
1300 2836 1381 2891 μέν
1410 2855 1487 2892 μοι
