2110 3279
891 238 1163 278 -33-

273 347 422 400 Gymn.
469 348 544 387 vol.
587 347 647 387 XI
694 360 728 399 p.
772 347 885 396 365),
936 347 978 386 in
1027 347 1100 386 hoc
1141 344 1315 386 Kricala
1357 345 1546 396 (Studien
1593 359 1642 386 zu
1691 346 1786 385 Eur.

272 414 496 454 Denkschr.
527 413 562 453 d.
593 414 692 452 kais.
723 411 853 451 Akad.
884 410 919 450 d.
951 411 1016 450 W.
1050 411 1124 450 vol.
1153 410 1340 451 XXVIII
1369 424 1405 463 p.
1431 412 1539 461 270).

381 478 539 519 Deinde
570 478 710 519 eodem
742 478 1006 528 symmetriae
1028 477 1164 517 studio
1186 477 1332 517 ductus
1352 478 1471 528 poeta
1493 477 1535 516 in
1556 476 1787 527 fragmento

274 546 364 594 836,
392 556 469 595 quo
500 544 599 584 item
630 543 678 583 de
709 543 830 582 rebus
851 542 988 593 agitur
1005 542 1303 595 philosophicis,
1323 542 1454 582 forma
1474 553 1573 581 usus
1595 544 1657 582 est
1678 542 1786 582 anti-

273 610 493 663 strophica:
531 612 583 661 6}
608 610 750 660 113}-
815 607 868 648 Et
904 609 979 649 hoc
1015 608 1182 660 quidem
1218 606 1364 648 Sextus
1404 606 1521 647 affert
1557 607 1787 659 Empiricus

273 672 400 726 (πρὸς
419 670 657 725 μουσικοὺς
675 686 710 726 p.
735 677 811 714 751
834 672 1038 726 Belum),
1068 677 1115 715 ut
1142 674 1374 726 exemplum
1402 673 1597 725 praebeat
1629 671 1789 712 stasimi

272 742 411 793 qualia
443 740 494 781 ad
523 741 656 791 lyram
690 742 921 780 cantentur.
966 739 1082 789 Quod
1113 742 1146 780 si
1173 752 1315 780 verum
1346 741 1418 787 est7
1439 738 1609 778 Medeae
1630 749 1788 789 quoque

273 819 438 847 carmen
469 806 519 846 ad
551 807 814 845 stasimorum
850 805 1165 846 similitudinem
1197 805 1360 858 propius
1396 804 1588 844 accedere
1629 803 1791 843 videtur

271 885 396 925 quam
432 872 707 912 concesserint
743 871 818 910 Viri
855 870 975 911 docti.
1039 870 1118 911 Sed
1157 874 1254 912 utut
1289 883 1353 911 res
1384 882 1426 910 se
1457 869 1592 919 habet,
1622 881 1789 921 respon-

273 939 396 979 dendi
425 938 761 990 aequabilitatem
793 950 843 977 ne
876 948 898 976 a
929 936 1253 988 disputationum
1283 936 1453 988 quidem
1484 935 1789 975 continuatione

273 1005 452 1045 alienam
483 1017 570 1045 esse
602 1004 853 1054 agnovimus.
884 1002 981 1042 licet
1011 1002 1247 1053 acquiescas
1277 1004 1319 1042 in
1350 1002 1480 1042 forma
1500 1000 1671 1040 Medeae
1701 1011 1789 1039 car-

273 1070 396 1110 minis
426 1069 640 1123 periodica.

383 1136 526 1176 Restat
556 1136 669 1175 locus
697 1136 791 1175 huic
821 1133 1051 1185 quaestioni
1083 1134 1145 1174 vel
1177 1134 1353 1174 maxime
1373 1133 1630 1174 necessarius
1661 1131 1711 1172 de
1732 1132 1788 1172 eis

273 1203 516 1254 anapaestis,
554 1202 623 1253 qui
652 1201 759 1241 inter
788 1199 971 1240 carmina
1002 1200 1126 1251 lyrica
1158 1202 1255 1239 sunt
1285 1200 1415 1251 positi,
1445 1209 1544 1250 quos
1566 1197 1792 1250 Euripides7

273 1267 421 1320 quippe
451 1268 519 1319 qui
550 1270 689 1318 postea
720 1270 945 1306 metrorum
990 1265 1181 1306 varietati
1211 1264 1412 1315 studeret,
1450 1275 1531 1304 non
1567 1263 1619 1303 ad
1654 1262 1792 1313 legiti-

274 1346 435 1373 morum
464 1333 628 1384 regulas
657 1331 883 1372 instituisse
915 1330 1076 1371 videtur
1105 1330 1185 1371 nisi
1217 1330 1259 1370 in
1289 1329 1489 1382 prioribus
1521 1328 1681 1368 fabulis.

383 1398 445 1438 Ac
466 1399 643 1450 primum
670 1397 838 1448 quidem
869 1397 1164 1449 disputandum
1195 1398 1257 1436 est
1287 1395 1335 1436 de
1370 1396 1446 1435 hoc
1477 1397 1791 1447 anapaestorum

272 1477 350 1504 usu
379 1465 420 1504 in
446 1466 678 1502 Alcestide
707 1463 747 1502 in
777 1475 856 1513 qua
888 1463 1027 1503 fabula
1055 1475 1185 1502 unum
1218 1464 1349 1502 exstat
1371 1463 1529 1501 certum
1550 1461 1793 1512 exemplum.

272 1543 351 1582 quo
390 1529 683 1582 antistrophica
720 1529 957 1581 compositio
989 1513 1224 1580 c‘oarguitur
1260 1540 1292 1566 r.
1325 1525 1605 1577 Sci—871*)‚
1646 1525 1793 1577 quibus

273 1596 522 1648 respondent.
557 1608 591 1634 v.
636 1596 870 1637 svs—888:
908 1595 1170 1646 103=102ffa

385 1662 519 1713 Atque
551 1661 621 1713 qui
651 1660 859 1712 stropham
891 1660 1065 1700 alteram
1087 1658 1433 1699 alloeometricam
1465 1659 1661 1698 secuntur
1696 1668 1793 1696 ana-

272 1729 404 1780 paesti
420 1740 453 1767 v.
469 1729 685 1769 911—-9-25
700 1726 807 1778 quod
830 1738 910 1766 non
931 1726 1177 1778 respondent
1198 1726 1255 1765 eis
1276 1724 1347 1776 qui
1367 1723 1666 1776 antistropham
1686 1723 1793 1762 exci-

271 1794 389 1846 piunt
418 1794 595 1846 primam
624 1805 658 1833 r.
689 1794 918 1839 895—902,
949 1804 994 1832 eo
1022 1792 1232 1831 molestius
1261 1790 1379 1837 feras,
1409 1802 1486 1841 quo
1510 1789 1640 1840 inagis
1661 1800 1791 1840 quan-

274 1864 363 1900 tam
394 1871 535 1899 curam
555 1862 674 1911 poeta
706 1859 968 1910 stropharum
994 1858 1221 1897 vicinarum
1244 1855 1526 1909 compositioni
1546 1854 1793 1907 impenderit

273 1927 448 1978 reputes.
506 1924 658 1964 Mirum
699 1925 807 1964 enim
845 1923 1050 1971 videatur,
1087 1922 1120 1962 si
1157 1934 1282 1974 quam
1312 1921 1427 1962 init-io
1457 1919 1680 1961 observarit
1710 1919 1793 1959 dis-

272 1991 515 2043 positionem
545 1995 634 2031 tum
664 1990 899 2041 neglexerit.
959 1988 1152 2030 Ceterum
1185 1987 1436 2028 monendum
1468 1989 1544 2035 est,
1587 1987 1656 2037 qui
1687 1985 1793 2038 apud

274 2056 514 2109 Sophoclem
545 2062 585 2097 et
615 2056 870 2107 Aeschylum
901 2055 1084 2105 singulas
1115 2054 1347 2094 carminum
1377 2055 1515 2105 partes
1547 2052 1598 2092 ad
1627 2064 1793 2104 respon-

274 2123 396 2163 sionis
425 2123 561 2174 iegem
592 2122 722 2162 factas
745 2121 952 2173 excipiunt
985 2120 1198 2172 anapaesti
1221 2119 1386 2171 aequali
1408 2129 1676 2171 personarum
1696 2118 1794 2168 vice,

274 2201 341 2229 eos
370 2189 476 2240 ipsos
514 2191 729 2228 accuratae
764 2187 1037 2239 responsionis
1068 2185 1228 2236 legibus
1257 2197 1398 2236 parere
1429 2183 1495 2233 (cf.
1528 2182 1792 2233 Nieberding.

275 2254 325 2295 de
357 2257 669 2306 anapaestorum
701 2253 809 2305 apud
840 2252 987 2292 Aesch.
1027 2254 1065 2291 et
1102 2249 1220 2302 Soph.
1250 2251 1406 2290 ratione
1439 2248 1794 2301 antisystematica

275 2332 309 2372 p.
341 2319 424 2372 58).

385 2384 464 2426 Sed
495 2385 572 2424 nisi
603 2387 673 2424 aut
704 2383 1025 2435 interpolationis
1056 2382 1278 2433 vestigium
1312 2384 1383 2421 aut
1414 2381 1588 2421 lacunae
1621 2380 1794 2432 suspicio

275 2451 453 2499 accedat,
483 2450 633 2491 criseos
661 2451 935 2490 instrumento
965 2449 1027 2490 uti
1056 2460 1137 2489 non
1165 2449 1274 2488 licet.
1333 2446 1431 2488 Jam
1463 2447 1588 2498 igitur
1624 2449 1792 2499 apparet

274 2518 349 2558 hoc
379 2517 544 2557 schema
574 2514 684 2554 κατὰ
715 2509 965 2569 περικοπὴν
996 2507 1321 2566 ἆιόμοιομερῆῑ

388 2671 421 2715 *)
448 2670 487 2704 In
512 2668 670 2704 Nauckii
695 2667 894 2712 exemplari
921 2663 966 2701 ἰώ
991 2678 1098 2712 supra
1123 2679 1155 2701 v.
1182 2669 1244 2700 861
1273 2664 1507 2700 scribendum
1533 2666 1571 2699 et
1594 2664 1633 2697 in
1658 2675 1688 2697 v.
1717 2666 1779 2698 862

278 2727 362 2761 αἰαῖ
389 2725 662 2771 explodendum
694 2724 752 2769 (cf.
778 2736 812 2768 p.
839 2727 880 2757 43
907 2723 1019 2767 adn).
1066 2723 1148 2757 Iure
1172 2721 1304 2755 mirere
1329 2720 1427 2765 quod
1451 2720 1490 2754 in
1515 2730 1619 2764 anap.
1644 2718 1708 2753 lib.
1735 2717 1790 2751 bis

278 2786 379 2816 terve
405 2781 562 2816 correxit
586 2780 643 2814 vir
668 2780 795 2814 doctus
821 2782 979 2824 pentap,
1005 2779 1064 2813 hic
1090 2777 1250 2812 admisit.
