<?xml version="1.0" encoding="UTF-8"?>
<!DOCTYPE html PUBLIC "-//W3C//DTD XHTML 1.0 Transitional//EN"
    "http://www.w3.org/TR/xhtml1/DTD/xhtml1-transitional.dtd">
<html xmlns="http://www.w3.org/1999/xhtml" xml:lang="en" lang="en">
 <head>
  <title>
</title>
<meta http-equiv="Content-Type" content="text/html;charset=utf-8" />
  <meta name='ocr-system' content='tesseract 3.04.00' />
  <meta name='ocr-capabilities' content='ocr_page ocr_carea ocr_par ocr_line ocrx_word'/>
</head>
<body>
  <div class='ocr_page' id='page_1' title='image "./deresponsioneeur00eichuoft_0053.png"; bbox 0 0 2110 3279; ppageno 0'>
   <div class='ocr_carea' id='block_1_1' title="bbox 270 372 1790 624">
    <p class='ocr_par' dir='ltr' id='par_1_1' title="bbox 270 372 1790 624">
     <span class='ocr_line' id='line_1_1' title="bbox 270 372 1787 421; baseline -0.001 -7"><span class='ocrx_word' id='word_1_1' title='bbox 270 373 378 421; x_wconf 89' lang='lat' dir='ltr'>riori,</span> <span class='ocrx_word' id='word_1_2' title='bbox 407 374 487 414; x_wconf 89' lang='lat' dir='ltr'>nisi</span> <span class='ocrx_word' id='word_1_3' title='bbox 517 376 666 414; x_wconf 88' lang='lat' dir='ltr'>certam</span> <span class='ocrx_word' id='word_1_4' title='bbox 702 372 753 413; x_wconf 88' lang='lat' dir='ltr'>ad</span> <span class='ocrx_word' id='word_1_5' title='bbox 789 372 1045 413; x_wconf 87' lang='lat' dir='ltr'>audientium</span> <span class='ocrx_word' id='word_1_6' title='bbox 1083 372 1240 412; x_wconf 90' lang='lat' dir='ltr'>animos</span> <span class='ocrx_word' id='word_1_7' title='bbox 1280 373 1591 413; x_wconf 72' lang='lat' dir='ltr'>conniiovendos</span> <span class='ocrx_word' id='word_1_8' title='bbox 1629 373 1711 412; x_wconf 68' lang='lat' dir='ltr'>vim</span> <span class='ocrx_word' id='word_1_9' title='bbox 1746 374 1787 412; x_wconf 91' lang='lat' dir='ltr'>in</span> 
     </span>
     <span class='ocr_line' id='line_1_2' title="bbox 271 436 1788 491; baseline -0.001 -11"><span class='ocrx_word' id='word_1_10' title='bbox 271 441 347 480; x_wconf 88' lang='lat' dir='ltr'>hac</span> <span class='ocrx_word' id='word_1_11' title='bbox 378 452 419 480; x_wconf 88' lang='lat' dir='ltr'>re</span> <span class='ocrx_word' id='word_1_12' title='bbox 450 440 581 480; x_wconf 88' lang='lat' dir='ltr'>inesse</span> <span class='ocrx_word' id='word_1_13' title='bbox 610 440 808 491; x_wconf 88' lang='lat' dir='ltr'>putasset.</span> <span class='ocrx_word' id='word_1_14' title='bbox 855 436 902 478; x_wconf 82' lang='lat' dir='ltr'>Id</span> <span class='ocrx_word' id='word_1_15' title='bbox 924 438 1035 478; x_wconf 89' lang='lat' dir='ltr'>aliud</span> <span class='ocrx_word' id='word_1_16' title='bbox 1056 450 1215 490; x_wconf 89' lang='lat' dir='ltr'>quoque</span> <span class='ocrx_word' id='word_1_17' title='bbox 1237 437 1491 479; x_wconf 86' lang='lat' dir='ltr'>demonstrat</span> <span class='ocrx_word' id='word_1_18' title='bbox 1513 439 1788 491; x_wconf 73' lang='lat' dir='ltr'>exemplorum</span> 
     </span>
     <span class='ocr_line' id='line_1_3' title="bbox 273 503 1790 557; baseline -0.001 -11"><span class='ocrx_word' id='word_1_19' title='bbox 273 518 413 557; x_wconf 75' lang='lat' dir='ltr'>genus,</span> <span class='ocrx_word' id='word_1_20' title='bbox 450 505 558 557; x_wconf 88' lang='lat' dir='ltr'>quod</span> <span class='ocrx_word' id='word_1_21' title='bbox 587 517 697 545; x_wconf 90' lang='lat' dir='ltr'>nunc</span> <span class='ocrx_word' id='word_1_22' title='bbox 726 504 953 556; x_wconf 87' lang='lat' dir='ltr'>quaestioni</span> <span class='ocrx_word' id='word_1_23' title='bbox 991 506 1155 544; x_wconf 87' lang='lat' dir='ltr'>nostrae</span> <span class='ocrx_word' id='word_1_24' title='bbox 1193 503 1460 549; x_wconf 81' lang='grc'><strong>811111010111118,</strong></span> <span class='ocrx_word' id='word_1_25' title='bbox 1494 504 1705 556; x_wconf 74' lang='lat' dir='ltr'>anapaesti</span> <span class='ocrx_word' id='word_1_26' title='bbox 1748 505 1790 544; x_wconf 90' lang='lat' dir='ltr'>in</span> 
     </span>
     <span class='ocr_line' id='line_1_4' title="bbox 271 571 600 624; baseline -0.006 -11"><span class='ocrx_word' id='word_1_27' title='bbox 271 572 440 613; x_wconf 89' lang='lat' dir='ltr'>commis</span> <span class='ocrx_word' id='word_1_28' title='bbox 470 571 600 624; x_wconf 88' lang='lat' dir='ltr'>positi.</span> 
     </span>
    </p>
   </div>
   <div class='ocr_carea' id='block_1_2' title="bbox 660 767 1396 821">
    <p class='ocr_par' dir='ltr' id='par_1_2' title="bbox 660 767 1396 821">
     <span class='ocr_line' id='line_1_5' title="bbox 660 767 1396 821; baseline 0.003 -2"><span class='ocrx_word' id='word_1_29' title='bbox 660 768 717 820; x_wconf 91' lang='lat' dir='ltr'>B.</span> <span class='ocrx_word' id='word_1_30' title='bbox 775 767 1023 819; x_wconf 77' lang='lat' dir='ltr'>Carmina</span> <span class='ocrx_word' id='word_1_31' title='bbox 1062 768 1396 821; x_wconf 86' lang='lat' dir='ltr'>commatica.</span> 
     </span>
    </p>
   </div>
   <div class='ocr_carea' id='block_1_3' title="bbox 263 909 1792 2873">
    <p class='ocr_par' dir='ltr' id='par_1_3' title="bbox 272 909 1790 1161">
     <span class='ocr_line' id='line_1_6' title="bbox 382 909 1788 962; baseline -0.003 -9"><span class='ocrx_word' id='word_1_32' title='bbox 382 913 537 953; x_wconf 88' lang='lat' dir='ltr'>Liberis</span> <span class='ocrx_word' id='word_1_33' title='bbox 574 912 891 962; x_wconf 85' lang='lat' dir='ltr'>anapaestorum</span> <span class='ocrx_word' id='word_1_34' title='bbox 927 909 1162 961; x_wconf 62' lang='lat' dir='ltr'>systematis</span> <span class='ocrx_word' id='word_1_35' title='bbox 1200 910 1263 949; x_wconf 80' lang='lat' dir='ltr'>vel</span> <span class='ocrx_word' id='word_1_36' title='bbox 1298 911 1475 951; x_wconf 80' lang='lat' dir='ltr'>maxime</span> <span class='ocrx_word' id='word_1_37' title='bbox 1508 912 1569 950; x_wconf 88' lang='lat' dir='ltr'>est</span> <span class='ocrx_word' id='word_1_38' title='bbox 1604 911 1717 950; x_wconf 85' lang='lat' dir='ltr'>locus</span> <span class='ocrx_word' id='word_1_39' title='bbox 1748 912 1788 950; x_wconf 91' lang='lat' dir='ltr'>in</span> 
     </span>
     <span class='ocr_line' id='line_1_7' title="bbox 273 970 1790 1029; baseline -0.001 -10"><span class='ocrx_word' id='word_1_40' title='bbox 273 978 443 1019; x_wconf 87' lang='lat' dir='ltr'>commis</span> <span class='ocrx_word' id='word_1_41' title='bbox 483 979 523 1018; x_wconf 90' lang='lat' dir='ltr'>et</span> <span class='ocrx_word' id='word_1_42' title='bbox 571 975 787 1017; x_wconf 85' lang='lat' dir='ltr'>monodiis:</span> <span class='ocrx_word' id='word_1_43' title='bbox 830 979 875 1015; x_wconf 89' lang='lat' dir='ltr'>ut</span> <span class='ocrx_word' id='word_1_44' title='bbox 913 977 1021 1017; x_wconf 91' lang='lat' dir='ltr'>enim</span> <span class='ocrx_word' id='word_1_45' title='bbox 1065 975 1266 1016; x_wconf 86' lang='lat' dir='ltr'>deminuit</span> <span class='ocrx_word' id='word_1_46' title='bbox 1307 970 1631 1027; x_wconf 78' lang='grc' dir='ltr'><em>τραγικώτατος</em></span> <span class='ocrx_word' id='word_1_47' title='bbox 1672 981 1790 1029; x_wconf 84' lang='lat' dir='ltr'>poeta</span> 
     </span>
     <span class='ocr_line' id='line_1_8' title="bbox 272 1042 1790 1093; baseline -0.002 -8"><span class='ocrx_word' id='word_1_48' title='bbox 272 1044 433 1085; x_wconf 87' lang='lat' dir='ltr'>cantica</span> <span class='ocrx_word' id='word_1_49' title='bbox 478 1042 656 1090; x_wconf 67' lang='grc'><strong>01101100,</strong></span> <span class='ocrx_word' id='word_1_50' title='bbox 694 1043 752 1082; x_wconf 91' lang='lat' dir='ltr'>ita</span> <span class='ocrx_word' id='word_1_51' title='bbox 795 1042 982 1082; x_wconf 77' lang='lat' dir='ltr'>adhibuit</span> <span class='ocrx_word' id='word_1_52' title='bbox 1023 1044 1154 1083; x_wconf 88' lang='lat' dir='ltr'>totam</span> <span class='ocrx_word' id='word_1_53' title='bbox 1199 1052 1363 1093; x_wconf 82' lang='lat' dir='ltr'>operam</span> <span class='ocrx_word' id='word_1_54' title='bbox 1406 1053 1627 1093; x_wconf 87' lang='lat' dir='ltr'>curamque</span> <span class='ocrx_word' id='word_1_55' title='bbox 1672 1043 1790 1083; x_wconf 89' lang='lat' dir='ltr'>choro</span> 
     </span>
     <span class='ocr_line' id='line_1_9' title="bbox 273 1102 1337 1161; baseline -0.002 -12"><span class='ocrx_word' id='word_1_56' title='bbox 273 1110 502 1150; x_wconf 75' lang='lat' dir='ltr'>detractam</span> <span class='ocrx_word' id='word_1_57' title='bbox 533 1107 731 1159; x_wconf 79' lang='lat' dir='ltr'>augendis</span> <span class='ocrx_word' id='word_1_58' title='bbox 762 1108 1012 1148; x_wconf 75' lang='lat' dir='ltr'>carminibus</span> <span class='ocrx_word' id='word_1_59' title='bbox 1045 1102 1133 1147; x_wconf 72' lang='grc' dir='ltr'>ἀπὸ</span> <span class='ocrx_word' id='word_1_60' title='bbox 1165 1107 1337 1161; x_wconf 75' lang='grc' dir='ltr'><em>σκηνῆς.</em></span> 
     </span>
    </p>

    <p class='ocr_par' dir='ltr' id='par_1_4' title="bbox 271 1172 1792 1556">
     <span class='ocr_line' id='line_1_10' title="bbox 381 1172 1790 1226; baseline -0.001 -11"><span class='ocrx_word' id='word_1_61' title='bbox 381 1174 523 1226; x_wconf 89' lang='lat' dir='ltr'>Neque</span> <span class='ocrx_word' id='word_1_62' title='bbox 546 1174 672 1226; x_wconf 88' lang='lat' dir='ltr'>igitur</span> <span class='ocrx_word' id='word_1_63' title='bbox 694 1174 845 1214; x_wconf 89' lang='lat' dir='ltr'>mirum</span> <span class='ocrx_word' id='word_1_64' title='bbox 866 1174 1072 1226; x_wconf 82' lang='lat' dir='ltr'>Euripidis</span> <span class='ocrx_word' id='word_1_65' title='bbox 1094 1174 1135 1214; x_wconf 91' lang='lat' dir='ltr'>in</span> <span class='ocrx_word' id='word_1_66' title='bbox 1156 1172 1445 1225; x_wconf 79' lang='lat' dir='ltr'>componendis</span> <span class='ocrx_word' id='word_1_67' title='bbox 1467 1173 1637 1213; x_wconf 88' lang='lat' dir='ltr'>commis</span> <span class='ocrx_word' id='word_1_68' title='bbox 1660 1176 1790 1214; x_wconf 88' lang='lat' dir='ltr'>artem</span> 
     </span>
     <span class='ocr_line' id='line_1_11' title="bbox 271 1239 1792 1292; baseline -0.001 -11"><span class='ocrx_word' id='word_1_69' title='bbox 271 1253 352 1281; x_wconf 91' lang='lat' dir='ltr'>non</span> <span class='ocrx_word' id='word_1_70' title='bbox 389 1240 507 1280; x_wconf 83' lang='lat' dir='ltr'>valde</span> <span class='ocrx_word' id='word_1_71' title='bbox 543 1240 732 1280; x_wconf 75' lang='lat' dir='ltr'>recedere</span> <span class='ocrx_word' id='word_1_72' title='bbox 763 1239 813 1280; x_wconf 85' lang='lat' dir='ltr'>ab</span> <span class='ocrx_word' id='word_1_73' title='bbox 850 1251 898 1280; x_wconf 90' lang='lat' dir='ltr'>ea</span> <span class='ocrx_word' id='word_1_74' title='bbox 933 1240 1100 1288; x_wconf 64' lang='lat' dir='ltr'>ratione,</span> <span class='ocrx_word' id='word_1_75' title='bbox 1136 1252 1262 1292; x_wconf 89' lang='lat' dir='ltr'>quam</span> <span class='ocrx_word' id='word_1_76' title='bbox 1298 1241 1463 1279; x_wconf 86' lang='lat' dir='ltr'>secutus</span> <span class='ocrx_word' id='word_1_77' title='bbox 1499 1240 1560 1279; x_wconf 91' lang='lat' dir='ltr'>est</span> <span class='ocrx_word' id='word_1_78' title='bbox 1595 1241 1715 1292; x_wconf 88' lang='lat' dir='ltr'>poeta</span> <span class='ocrx_word' id='word_1_79' title='bbox 1749 1241 1792 1280; x_wconf 92' lang='lat' dir='ltr'>in</span> 
     </span>
     <span class='ocr_line' id='line_1_12' title="bbox 274 1305 1791 1358; baseline -0.001 -11"><span class='ocrx_word' id='word_1_80' title='bbox 274 1306 522 1347; x_wconf 84' lang='lat' dir='ltr'>adornandis</span> <span class='ocrx_word' id='word_1_81' title='bbox 544 1305 714 1346; x_wconf 89' lang='lat' dir='ltr'>choricis</span> <span class='ocrx_word' id='word_1_82' title='bbox 736 1306 976 1346; x_wconf 78' lang='lat' dir='ltr'>amoebaeis</span> <span class='ocrx_word' id='word_1_83' title='bbox 1038 1305 1171 1355; x_wconf 81' lang='lat' dir='ltr'>Quam</span> <span class='ocrx_word' id='word_1_84' title='bbox 1192 1306 1392 1346; x_wconf 87' lang='lat' dir='ltr'>rationem</span> <span class='ocrx_word' id='word_1_85' title='bbox 1413 1305 1600 1356; x_wconf 84' lang='lat' dir='ltr'>quamvis</span> <span class='ocrx_word' id='word_1_86' title='bbox 1621 1306 1791 1358; x_wconf 83' lang='lat' dir='ltr'>simplex</span> 
     </span>
     <span class='ocr_line' id='line_1_13' title="bbox 274 1370 1791 1423; baseline -0.002 -10"><span class='ocrx_word' id='word_1_87' title='bbox 274 1385 351 1413; x_wconf 90' lang='lat' dir='ltr'>nec</span> <span class='ocrx_word' id='word_1_88' title='bbox 380 1375 468 1413; x_wconf 87' lang='lat' dir='ltr'>tam</span> <span class='ocrx_word' id='word_1_89' title='bbox 499 1371 716 1412; x_wconf 87' lang='lat' dir='ltr'>artificiose</span> <span class='ocrx_word' id='word_1_90' title='bbox 748 1372 802 1412; x_wconf 87' lang='lat' dir='ltr'>sit</span> <span class='ocrx_word' id='word_1_91' title='bbox 831 1372 1038 1412; x_wconf 82' lang='lat' dir='ltr'>elaborata</span> <span class='ocrx_word' id='word_1_92' title='bbox 1061 1384 1185 1423; x_wconf 81' lang='lat' dir='ltr'>quam</span> <span class='ocrx_word' id='word_1_93' title='bbox 1206 1372 1247 1411; x_wconf 93' lang='lat' dir='ltr'>in</span> <span class='ocrx_word' id='word_1_94' title='bbox 1272 1371 1520 1411; x_wconf 84' lang='lat' dir='ltr'>carminibus</span> <span class='ocrx_word' id='word_1_95' title='bbox 1540 1370 1791 1423; x_wconf 66' lang='grc' dir='ltr'><strong>Αο8011)’1018,</strong></span> 
     </span>
     <span class='ocr_line' id='line_1_14' title="bbox 272 1437 1791 1489; baseline -0.002 -11"><span class='ocrx_word' id='word_1_96' title='bbox 272 1439 315 1478; x_wconf 89' lang='lat' dir='ltr'>at</span> <span class='ocrx_word' id='word_1_97' title='bbox 345 1438 599 1478; x_wconf 79' lang='lat' dir='ltr'>elaboratam</span> <span class='ocrx_word' id='word_1_98' title='bbox 631 1439 773 1478; x_wconf 90' lang='lat' dir='ltr'>tamen</span> <span class='ocrx_word' id='word_1_99' title='bbox 793 1450 881 1478; x_wconf 89' lang='lat' dir='ltr'>esse</span> <span class='ocrx_word' id='word_1_100' title='bbox 903 1450 977 1479; x_wconf 91' lang='lat' dir='ltr'>nec</span> <span class='ocrx_word' id='word_1_101' title='bbox 997 1450 1171 1489; x_wconf 85' lang='lat' dir='ltr'>usquam</span> <span class='ocrx_word' id='word_1_102' title='bbox 1194 1437 1357 1478; x_wconf 83' lang='lat' dir='ltr'>fortuito</span> <span class='ocrx_word' id='word_1_103' title='bbox 1378 1439 1521 1477; x_wconf 87' lang='lat' dir='ltr'>natam</span> <span class='ocrx_word' id='word_1_104' title='bbox 1542 1448 1623 1476; x_wconf 90' lang='lat' dir='ltr'>non</span> <span class='ocrx_word' id='word_1_105' title='bbox 1644 1438 1791 1488; x_wconf 78' lang='lat' dir='ltr'>poteris</span> 
     </span>
     <span class='ocr_line' id='line_1_15' title="bbox 272 1503 1654 1556; baseline -0.001 -12"><span class='ocrx_word' id='word_1_106' title='bbox 272 1515 421 1555; x_wconf 85' lang='lat' dir='ltr'>negare</span> <span class='ocrx_word' id='word_1_107' title='bbox 451 1504 706 1556; x_wconf 85' lang='lat' dir='ltr'>perlustrans</span> <span class='ocrx_word' id='word_1_108' title='bbox 735 1515 840 1555; x_wconf 89' lang='lat' dir='ltr'>quae</span> <span class='ocrx_word' id='word_1_109' title='bbox 872 1516 982 1544; x_wconf 91' lang='lat' dir='ltr'>nunc</span> <span class='ocrx_word' id='word_1_110' title='bbox 1010 1503 1255 1556; x_wconf 83' lang='lat' dir='ltr'>proposituri</span> <span class='ocrx_word' id='word_1_111' title='bbox 1285 1515 1427 1543; x_wconf 89' lang='grc'><strong>811111118</strong></span> <span class='ocrx_word' id='word_1_112' title='bbox 1459 1503 1654 1555; x_wconf 79' lang='lat' dir='ltr'>exempla.</span> 
     </span>
    </p>

    <p class='ocr_par' dir='ltr' id='par_1_5' title="bbox 263 1568 1791 2346">
     <span class='ocr_line' id='line_1_16' title="bbox 382 1568 1791 1621; baseline 0 -14"><span class='ocrx_word' id='word_1_113' title='bbox 382 1568 553 1610; x_wconf 84' lang='lat' dir='ltr'>Omissis</span> <span class='ocrx_word' id='word_1_114' title='bbox 584 1569 820 1621; x_wconf 82' lang='lat' dir='ltr'>Iphigeniae</span> <span class='ocrx_word' id='word_1_115' title='bbox 853 1570 1089 1610; x_wconf 83' lang='lat' dir='ltr'>Aulidensis</span> <span class='ocrx_word' id='word_1_116' title='bbox 1115 1581 1149 1609; x_wconf 69' lang='grc'>1.</span> <span class='ocrx_word' id='word_1_117' title='bbox 1177 1571 1404 1619; x_wconf 80' lang='grc'><strong>115-163,</strong></span> <span class='ocrx_word' id='word_1_118' title='bbox 1434 1569 1503 1619; x_wconf 91' lang='grc'><strong>(1111</strong></span> <span class='ocrx_word' id='word_1_119' title='bbox 1525 1568 1575 1608; x_wconf 85' lang='lat' dir='ltr'>ab</span> <span class='ocrx_word' id='word_1_120' title='bbox 1598 1568 1791 1620; x_wconf 87' lang='lat' dir='ltr'>Euripide</span> 
     </span>
     <span class='ocr_line' id='line_1_17' title="bbox 270 1633 1788 1687; baseline -0.002 -11"><span class='ocrx_word' id='word_1_121' title='bbox 270 1634 496 1676; x_wconf 86' lang='lat' dir='ltr'>abiudicati</span> <span class='ocrx_word' id='word_1_122' title='bbox 517 1635 829 1676; x_wconf 83' lang='lat' dir='ltr'>conformationi</span> <span class='ocrx_word' id='word_1_123' title='bbox 851 1635 1141 1687; x_wconf 60' lang='lat' dir='ltr'>symmetricae</span> <span class='ocrx_word' id='word_1_124' title='bbox 1166 1648 1246 1675; x_wconf 90' lang='lat' dir='ltr'>non</span> <span class='ocrx_word' id='word_1_125' title='bbox 1268 1634 1420 1682; x_wconf 70' lang='lat' dir='ltr'>favent,</span> <span class='ocrx_word' id='word_1_126' title='bbox 1442 1634 1524 1673; x_wconf 80' lang='lat' dir='ltr'>iam</span> <span class='ocrx_word' id='word_1_127' title='bbox 1543 1633 1788 1674; x_wconf 88' lang='lat' dir='ltr'>accedamus</span> 
     </span>
     <span class='ocr_line' id='line_1_18' title="bbox 267 1701 1787 1754; baseline -0.001 -12"><span class='ocrx_word' id='word_1_128' title='bbox 267 1702 317 1742; x_wconf 88' lang='lat' dir='ltr'>ad</span> <span class='ocrx_word' id='word_1_129' title='bbox 356 1705 583 1740; x_wconf 80' lang='lat' dir='ltr'>Troadum</span> <span class='ocrx_word' id='word_1_130' title='bbox 621 1701 763 1754; x_wconf 89' lang='lat' dir='ltr'>parodi</span> <span class='ocrx_word' id='word_1_131' title='bbox 798 1704 959 1754; x_wconf 85' lang='lat' dir='ltr'>partein</span> <span class='ocrx_word' id='word_1_132' title='bbox 990 1701 1278 1741; x_wconf 83' lang='lat' dir='ltr'>commaticam</span> <span class='ocrx_word' id='word_1_133' title='bbox 1310 1712 1343 1740; x_wconf 66' lang='grc'>1.</span> <span class='ocrx_word' id='word_1_134' title='bbox 1379 1702 1604 1751; x_wconf 82' lang='grc'><strong>153-196,</strong></span> <span class='ocrx_word' id='word_1_135' title='bbox 1636 1711 1734 1751; x_wconf 86' lang='lat' dir='ltr'>quos</span> <span class='ocrx_word' id='word_1_136' title='bbox 1765 1712 1787 1740; x_wconf 88' lang='lat' dir='ltr'>a</span> 
     </span>
     <span class='ocr_line' id='line_1_19' title="bbox 266 1765 1787 1819; baseline -0.001 -13"><span class='ocrx_word' id='word_1_137' title='bbox 266 1768 469 1808; x_wconf 83' lang='lat' dir='ltr'>choreutis</span> <span class='ocrx_word' id='word_1_138' title='bbox 504 1771 545 1808; x_wconf 86' lang='lat' dir='ltr'>et</span> <span class='ocrx_word' id='word_1_139' title='bbox 575 1768 773 1808; x_wconf 84' lang='lat' dir='ltr'>histrione</span> <span class='ocrx_word' id='word_1_140' title='bbox 804 1767 1041 1808; x_wconf 87' lang='lat' dir='ltr'>alternatim</span> <span class='ocrx_word' id='word_1_141' title='bbox 1073 1768 1259 1807; x_wconf 83' lang='lat' dir='ltr'>cantatos</span> <span class='ocrx_word' id='word_1_142' title='bbox 1281 1765 1533 1819; x_wconf 87' lang='lat' dir='ltr'>dispositioni</span> <span class='ocrx_word' id='word_1_143' title='bbox 1553 1767 1615 1806; x_wconf 92' lang='lat' dir='ltr'>illi</span> <span class='ocrx_word' id='word_1_144' title='bbox 1636 1766 1684 1806; x_wconf 89' lang='lat' dir='ltr'>de</span> <span class='ocrx_word' id='word_1_145' title='bbox 1708 1778 1787 1817; x_wconf 88' lang='lat' dir='ltr'>qua</span> 
     </span>
     <span class='ocr_line' id='line_1_20' title="bbox 271 1831 1785 1886; baseline -0.003 -13"><span class='ocrx_word' id='word_1_146' title='bbox 271 1833 432 1884; x_wconf 83' lang='lat' dir='ltr'>agimus</span> <span class='ocrx_word' id='word_1_147' title='bbox 463 1833 506 1873; x_wconf 89' lang='lat' dir='ltr'>in</span> <span class='ocrx_word' id='word_1_148' title='bbox 536 1834 727 1885; x_wconf 86' lang='lat' dir='ltr'>aequales</span> <span class='ocrx_word' id='word_1_149' title='bbox 756 1835 893 1886; x_wconf 83' lang='lat' dir='ltr'>partes</span> <span class='ocrx_word' id='word_1_150' title='bbox 922 1833 1073 1873; x_wconf 88' lang='lat' dir='ltr'>mirum</span> <span class='ocrx_word' id='word_1_151' title='bbox 1105 1834 1147 1872; x_wconf 94' lang='lat' dir='ltr'>in</span> <span class='ocrx_word' id='word_1_152' title='bbox 1169 1832 1335 1873; x_wconf 85' lang='lat' dir='ltr'>modum</span> <span class='ocrx_word' id='word_1_153' title='bbox 1357 1832 1492 1872; x_wconf 87' lang='lat' dir='ltr'>favere</span> <span class='ocrx_word' id='word_1_154' title='bbox 1513 1831 1643 1883; x_wconf 71' lang='lat' dir='ltr'>quivis</span> <span class='ocrx_word' id='word_1_155' title='bbox 1664 1831 1785 1871; x_wconf 72' lang='lat' dir='ltr'>videt.</span> 
     </span>
     <span class='ocr_line' id='line_1_21' title="bbox 268 1898 1784 1950; baseline -0.001 -10"><span class='ocrx_word' id='word_1_156' title='bbox 268 1900 342 1940; x_wconf 80' lang='lat' dir='ltr'>Est</span> <span class='ocrx_word' id='word_1_157' title='bbox 377 1900 488 1940; x_wconf 90' lang='lat' dir='ltr'>enim</span> <span class='ocrx_word' id='word_1_158' title='bbox 517 1902 650 1940; x_wconf 89' lang='lat' dir='ltr'>totum</span> <span class='ocrx_word' id='word_1_159' title='bbox 683 1911 847 1939; x_wconf 85' lang='lat' dir='ltr'>carmen</span> <span class='ocrx_word' id='word_1_160' title='bbox 878 1899 936 1939; x_wconf 88' lang='lat' dir='ltr'>ita</span> <span class='ocrx_word' id='word_1_161' title='bbox 968 1899 1248 1950; x_wconf 81' lang='lat' dir='ltr'>compositum,</span> <span class='ocrx_word' id='word_1_162' title='bbox 1279 1900 1324 1938; x_wconf 90' lang='lat' dir='ltr'>ut</span> <span class='ocrx_word' id='word_1_163' title='bbox 1355 1898 1517 1948; x_wconf 88' lang='lat' dir='ltr'>singula</span> <span class='ocrx_word' id='word_1_164' title='bbox 1549 1899 1784 1949; x_wconf 68' lang='lat' dir='ltr'>systemata.</span> 
     </span>
     <span class='ocr_line' id='line_1_22' title="bbox 266 1962 1787 2016; baseline -0.002 -11"><span class='ocrx_word' id='word_1_165' title='bbox 266 1966 374 2005; x_wconf 87' lang='lat' dir='ltr'>inter</span> <span class='ocrx_word' id='word_1_166' title='bbox 410 1977 513 2016; x_wconf 87' lang='lat' dir='ltr'>quae</span> <span class='ocrx_word' id='word_1_167' title='bbox 550 1976 741 2004; x_wconf 73' lang='lat' dir='ltr'>versuum</span> <span class='ocrx_word' id='word_1_168' title='bbox 781 1965 1034 2004; x_wconf 83' lang='lat' dir='ltr'>concinnitas</span> <span class='ocrx_word' id='word_1_169' title='bbox 1071 1963 1310 2013; x_wconf 85' lang='lat' dir='ltr'>intercedat,</span> <span class='ocrx_word' id='word_1_170' title='bbox 1346 1963 1468 2003; x_wconf 86' lang='lat' dir='ltr'>etiam</span> <span class='ocrx_word' id='word_1_171' title='bbox 1501 1962 1716 2003; x_wconf 88' lang='lat' dir='ltr'>sententiis</span> <span class='ocrx_word' id='word_1_172' title='bbox 1748 1965 1787 2002; x_wconf 86' lang='lat' dir='ltr'>et</span> 
     </span>
     <span class='ocr_line' id='line_1_23' title="bbox 266 2028 1787 2083; baseline -0.001 -13"><span class='ocrx_word' id='word_1_173' title='bbox 266 2042 535 2083; x_wconf 87' lang='lat' dir='ltr'>personarum</span> <span class='ocrx_word' id='word_1_174' title='bbox 572 2030 658 2070; x_wconf 66' lang='lat' dir='ltr'>vice</span> <span class='ocrx_word' id='word_1_175' title='bbox 695 2032 886 2070; x_wconf 88' lang='lat' dir='ltr'>accurate</span> <span class='ocrx_word' id='word_1_176' title='bbox 924 2030 1006 2070; x_wconf 88' lang='lat' dir='ltr'>sint</span> <span class='ocrx_word' id='word_1_177' title='bbox 1044 2029 1247 2069; x_wconf 85' lang='lat' dir='ltr'>distincta.</span> <span class='ocrx_word' id='word_1_178' title='bbox 1309 2028 1450 2080; x_wconf 89' lang='lat' dir='ltr'>Neque</span> <span class='ocrx_word' id='word_1_179' title='bbox 1490 2030 1602 2068; x_wconf 84' lang='lat' dir='ltr'>certa.</span> <span class='ocrx_word' id='word_1_180' title='bbox 1639 2028 1787 2068; x_wconf 86' lang='lat' dir='ltr'>desunt</span> 
     </span>
     <span class='ocr_line' id='line_1_24' title="bbox 266 2093 1784 2148; baseline -0.003 -12"><span class='ocrx_word' id='word_1_181' title='bbox 266 2096 523 2142; x_wconf 82' lang='lat' dir='ltr'>documenta,</span> <span class='ocrx_word' id='word_1_182' title='bbox 555 2096 701 2147; x_wconf 85' lang='lat' dir='ltr'>quibus</span> <span class='ocrx_word' id='word_1_183' title='bbox 733 2098 895 2148; x_wconf 88' lang='lat' dir='ltr'>poetam</span> <span class='ocrx_word' id='word_1_184' title='bbox 927 2097 1164 2136; x_wconf 87' lang='lat' dir='ltr'>accuratam</span> <span class='ocrx_word' id='word_1_185' title='bbox 1195 2095 1450 2146; x_wconf 88' lang='lat' dir='ltr'>singulorum</span> <span class='ocrx_word' id='word_1_186' title='bbox 1480 2093 1784 2146; x_wconf 88' lang='lat' dir='ltr'>responsionem</span> 
     </span>
     <span class='ocr_line' id='line_1_25' title="bbox 267 2159 1787 2212; baseline -0.003 -10"><span class='ocrx_word' id='word_1_187' title='bbox 267 2163 441 2202; x_wconf 89' lang='lat' dir='ltr'>voluisse</span> <span class='ocrx_word' id='word_1_188' title='bbox 483 2161 649 2202; x_wconf 68' lang='lat' dir='ltr'>evidens</span> <span class='ocrx_word' id='word_1_189' title='bbox 684 2161 776 2212; x_wconf 81' lang='lat' dir='ltr'>fiat3</span> <span class='ocrx_word' id='word_1_190' title='bbox 813 2174 911 2202; x_wconf 90' lang='lat' dir='ltr'>nam</span> <span class='ocrx_word' id='word_1_191' title='bbox 948 2174 996 2202; x_wconf 89' lang='lat' dir='ltr'>ea</span> <span class='ocrx_word' id='word_1_192' title='bbox 1030 2162 1121 2212; x_wconf 90' lang='lat' dir='ltr'>lege</span> <span class='ocrx_word' id='word_1_193' title='bbox 1158 2162 1254 2201; x_wconf 89' lang='lat' dir='ltr'>sunt</span> <span class='ocrx_word' id='word_1_194' title='bbox 1288 2159 1416 2207; x_wconf 72' lang='lat' dir='ltr'>facta,</span> <span class='ocrx_word' id='word_1_195' title='bbox 1452 2162 1498 2200; x_wconf 90' lang='lat' dir='ltr'>ut</span> <span class='ocrx_word' id='word_1_196' title='bbox 1536 2160 1787 2199; x_wconf 86' lang='lat' dir='ltr'>monometer</span> 
     </span>
     <span class='ocr_line' id='line_1_26' title="bbox 267 2224 1786 2280; baseline -0.004 -11"><span class='ocrx_word' id='word_1_197' title='bbox 267 2230 538 2275; x_wconf 70' lang='lat' dir='ltr'>monometro,</span> <span class='ocrx_word' id='word_1_198' title='bbox 575 2228 858 2280; x_wconf 88' lang='lat' dir='ltr'>paroemiacus</span> <span class='ocrx_word' id='word_1_199' title='bbox 896 2227 1167 2280; x_wconf 66' lang='lat' dir='ltr'>paroemiam,</span> <span class='ocrx_word' id='word_1_200' title='bbox 1203 2226 1444 2266; x_wconf 72' lang='lat' dir='ltr'>exclamatio</span> <span class='ocrx_word' id='word_1_201' title='bbox 1490 2224 1786 2268; x_wconf 72' lang='lat' dir='ltr'>exclamatisnii,</span> 
     </span>
     <span class='ocr_line' id='line_1_27' title="bbox 263 2294 972 2346; baseline -0.001 -12"><span class='ocrx_word' id='word_1_202' title='bbox 263 2305 435 2346; x_wconf 89' lang='lat' dir='ltr'>persona</span> <span class='ocrx_word' id='word_1_203' title='bbox 475 2305 672 2346; x_wconf 83' lang='lat' dir='ltr'>personae</span> <span class='ocrx_word' id='word_1_204' title='bbox 716 2294 972 2346; x_wconf 86' lang='lat' dir='ltr'>respondeat.</span> 
     </span>
    </p>

    <p class='ocr_par' dir='ltr' id='par_1_6' title="bbox 266 2357 1786 2873">
     <span class='ocr_line' id='line_1_28' title="bbox 374 2357 1786 2412; baseline -0.003 -13"><span class='ocrx_word' id='word_1_205' title='bbox 374 2359 429 2400; x_wconf 85' lang='lat' dir='ltr'>Et</span> <span class='ocrx_word' id='word_1_206' title='bbox 458 2372 598 2400; x_wconf 84' lang='lat' dir='ltr'>versus</span> <span class='ocrx_word' id='word_1_207' title='bbox 627 2360 717 2412; x_wconf 76' lang='lat' dir='ltr'>ipsi,</span> <span class='ocrx_word' id='word_1_208' title='bbox 746 2359 819 2411; x_wconf 88' lang='lat' dir='ltr'>qui</span> <span class='ocrx_word' id='word_1_209' title='bbox 846 2358 1125 2410; x_wconf 83' lang='lat' dir='ltr'>compositioni</span> <span class='ocrx_word' id='word_1_210' title='bbox 1156 2357 1471 2410; x_wconf 86' lang='lat' dir='ltr'>antistrophicae</span> <span class='ocrx_word' id='word_1_211' title='bbox 1491 2357 1667 2405; x_wconf 83' lang='lat' dir='ltr'>obstant,</span> <span class='ocrx_word' id='word_1_212' title='bbox 1696 2368 1786 2407; x_wconf 90' lang='lat' dir='ltr'>pro-</span> 
     </span>
     <span class='ocr_line' id='line_1_29' title="bbox 267 2423 1784 2477; baseline -0.002 -12"><span class='ocrx_word' id='word_1_213' title='bbox 267 2425 371 2465; x_wconf 86' lang='lat' dir='ltr'>dunt</span> <span class='ocrx_word' id='word_1_214' title='bbox 400 2437 524 2476; x_wconf 89' lang='lat' dir='ltr'>quam</span> <span class='ocrx_word' id='word_1_215' title='bbox 550 2425 729 2466; x_wconf 75' lang='lat' dir='ltr'>maxime</span> <span class='ocrx_word' id='word_1_216' title='bbox 760 2438 930 2466; x_wconf 89' lang='lat' dir='ltr'>manum</span> <span class='ocrx_word' id='word_1_217' title='bbox 952 2424 1316 2477; x_wconf 75' lang='lat' dir='ltr'>interpolatricem3</span> <span class='ocrx_word' id='word_1_218' title='bbox 1347 2423 1389 2463; x_wconf 90' lang='lat' dir='ltr'>in</span> <span class='ocrx_word' id='word_1_219' title='bbox 1418 2435 1536 2463; x_wconf 75' lang='lat' dir='ltr'>versu</span> <span class='ocrx_word' id='word_1_220' title='bbox 1566 2423 1675 2463; x_wconf 90' lang='lat' dir='ltr'>enim</span> <span class='ocrx_word' id='word_1_221' title='bbox 1710 2426 1784 2463; x_wconf 67' lang='lat'>159</span> 
     </span>
     <span class='ocr_line' id='line_1_30' title="bbox 267 2488 1785 2543; baseline -0.003 -12"><span class='ocrx_word' id='word_1_222' title='bbox 267 2491 443 2531; x_wconf 84' lang='lat' dir='ltr'>maxime</span> <span class='ocrx_word' id='word_1_223' title='bbox 472 2491 694 2543; x_wconf 84' lang='lat' dir='ltr'>probabilis</span> <span class='ocrx_word' id='word_1_224' title='bbox 724 2491 954 2543; x_wconf 85' lang='lat' dir='ltr'>corrigendi</span> <span class='ocrx_word' id='word_1_225' title='bbox 983 2491 1085 2530; x_wconf 87' lang='lat' dir='ltr'>ratio</span> <span class='ocrx_word' id='word_1_226' title='bbox 1111 2489 1354 2530; x_wconf 82' lang='lat' dir='ltr'>Kirchhoffii</span> <span class='ocrx_word' id='word_1_227' title='bbox 1385 2489 1487 2528; x_wconf 86' lang='lat' dir='ltr'>mihi</span> <span class='ocrx_word' id='word_1_228' title='bbox 1517 2489 1687 2536; x_wconf 80' lang='lat' dir='ltr'>videtur,</span> <span class='ocrx_word' id='word_1_229' title='bbox 1717 2488 1785 2538; x_wconf 88' lang='lat' dir='ltr'>qui</span> 
     </span>
     <span class='ocr_line' id='line_1_31' title="bbox 267 2551 1783 2612; baseline -0.001 -18"><span class='ocrx_word' id='word_1_230' title='bbox 267 2557 326 2596; x_wconf 90' lang='lat' dir='ltr'>vir</span> <span class='ocrx_word' id='word_1_231' title='bbox 356 2556 502 2597; x_wconf 88' lang='lat' dir='ltr'>doctus</span> <span class='ocrx_word' id='word_1_232' title='bbox 532 2553 645 2607; x_wconf 79' lang='grc' dir='ltr'><strong><em>πρὸς</em></strong></span> <span class='ocrx_word' id='word_1_233' title='bbox 673 2557 776 2604; x_wconf 79' lang='grc' dir='ltr'><strong><em>ναῦς</em></strong></span> <span class='ocrx_word' id='word_1_234' title='bbox 806 2551 890 2612; x_wconf 63' lang='grc' dir='ltr'>ἤδη</span> <span class='ocrx_word' id='word_1_235' title='bbox 921 2581 972 2585; x_wconf 94' lang='grc'>-</span> <span class='ocrx_word' id='word_1_236' title='bbox 996 2557 1159 2609; x_wconf 82' lang='lat' dir='ltr'>propter</span> <span class='ocrx_word' id='word_1_237' title='bbox 1190 2567 1223 2594; x_wconf 60' lang='lat' dir='ltr'>V.</span> <span class='ocrx_word' id='word_1_238' title='bbox 1259 2558 1332 2596; x_wconf 82' lang='grc'>161</span> <span class='ocrx_word' id='word_1_239' title='bbox 1366 2555 1465 2595; x_wconf 87' lang='lat' dir='ltr'>item</span> <span class='ocrx_word' id='word_1_240' title='bbox 1496 2555 1713 2594; x_wconf 78' lang='lat' dir='ltr'>exeuntem</span> <span class='ocrx_word' id='word_1_241' title='bbox 1742 2554 1783 2592; x_wconf 89' lang='lat' dir='ltr'>in</span> 
     </span>
     <span class='ocr_line' id='line_1_32' title="bbox 266 2617 1785 2677; baseline -0.003 -16"><span class='ocrx_word' id='word_1_242' title='bbox 266 2617 345 2677; x_wconf 66' lang='grc' dir='ltr'>ἤδη</span> <span class='ocrx_word' id='word_1_243' title='bbox 377 2648 429 2653; x_wconf 90' lang='lat'>—</span> <span class='ocrx_word' id='word_1_244' title='bbox 461 2623 597 2663; x_wconf 89' lang='lat' dir='ltr'>mutat</span> <span class='ocrx_word' id='word_1_245' title='bbox 625 2622 668 2663; x_wconf 88' lang='lat' dir='ltr'>in</span> <span class='ocrx_word' id='word_1_246' title='bbox 698 2620 810 2674; x_wconf 81' lang='grc' dir='ltr'><strong><em>πρὸς</em></strong></span> <span class='ocrx_word' id='word_1_247' title='bbox 842 2619 1006 2670; x_wconf 72' lang='grc' dir='ltr'><em>ναυσίνς</em></span> <span class='ocrx_word' id='word_1_248' title='bbox 1035 2623 1078 2662; x_wconf 89' lang='grc'>10</span> <span class='ocrx_word' id='word_1_249' title='bbox 1108 2634 1144 2661; x_wconf 82' lang='lat' dir='ltr'>v,</span> <span class='ocrx_word' id='word_1_250' title='bbox 1180 2624 1253 2662; x_wconf 86' lang='grc'>161</span> <span class='ocrx_word' id='word_1_251' title='bbox 1286 2621 1387 2661; x_wconf 88' lang='lat' dir='ltr'>item</span> <span class='ocrx_word' id='word_1_252' title='bbox 1416 2618 1663 2672; x_wconf 89' lang='lat' dir='ltr'>pentapodia</span> <span class='ocrx_word' id='word_1_253' title='bbox 1695 2622 1785 2671; x_wconf 87' lang='lat' dir='ltr'>post</span> 
     </span>
     <span class='ocr_line' id='line_1_33' title="bbox 269 2681 1783 2740; baseline -0.002 -13"><span class='ocrx_word' id='word_1_254' title='bbox 269 2683 318 2727; x_wconf 78' lang='grc' dir='ltr'>οἲ</span> <span class='ocrx_word' id='word_1_255' title='bbox 343 2681 412 2740; x_wconf 72' lang='grc' dir='ltr'>’γώ</span> <span class='ocrx_word' id='word_1_256' title='bbox 441 2687 555 2729; x_wconf 86' lang='lat' dir='ltr'>haud</span> <span class='ocrx_word' id='word_1_257' title='bbox 584 2689 717 2730; x_wconf 89' lang='lat' dir='ltr'>malus</span> <span class='ocrx_word' id='word_1_258' title='bbox 754 2689 878 2730; x_wconf 78' lang='lat' dir='ltr'>codex</span> <span class='ocrx_word' id='word_1_259' title='bbox 914 2688 1077 2729; x_wconf 81' lang='lat' dir='ltr'>exhibet</span> <span class='ocrx_word' id='word_1_260' title='bbox 1105 2683 1242 2737; x_wconf 80' lang='grc' dir='ltr'><em>μέλεα</em></span> <span class='ocrx_word' id='word_1_261' title='bbox 1272 2686 1443 2726; x_wconf 83' lang='lat' dir='ltr'>verbum</span> <span class='ocrx_word' id='word_1_262' title='bbox 1474 2687 1603 2725; x_wconf 89' lang='lat' dir='ltr'>metro</span> <span class='ocrx_word' id='word_1_263' title='bbox 1635 2696 1783 2736; x_wconf 86' lang='lat' dir='ltr'>repug-</span> 
     </span>
     <span class='ocr_line' id='line_1_34' title="bbox 266 2749 1785 2807; baseline -0.003 -13"><span class='ocrx_word' id='word_1_264' title='bbox 266 2766 390 2805; x_wconf 82' lang='lat' dir='ltr'>nanS‚</span> <span class='ocrx_word' id='word_1_265' title='bbox 431 2754 502 2794; x_wconf 88' lang='lat' dir='ltr'>alii</span> <span class='ocrx_word' id='word_1_266' title='bbox 541 2749 737 2806; x_wconf 80' lang='grc' dir='ltr'><em>τλάμων,</em></span> <span class='ocrx_word' id='word_1_267' title='bbox 777 2767 877 2807; x_wconf 90' lang='lat' dir='ltr'>quas</span> <span class='ocrx_word' id='word_1_268' title='bbox 914 2756 1047 2795; x_wconf 78' lang='lat' dir='ltr'>varias</span> <span class='ocrx_word' id='word_1_269' title='bbox 1082 2753 1278 2794; x_wconf 87' lang='lat' dir='ltr'>lectiones</span> <span class='ocrx_word' id='word_1_270' title='bbox 1313 2751 1604 2803; x_wconf 83' lang='lat' dir='ltr'>interpretibus</span> <span class='ocrx_word' id='word_1_271' title='bbox 1648 2750 1785 2791; x_wconf 85' lang='lat' dir='ltr'>deberi</span> 
     </span>
     <span class='ocr_line' id='line_1_35' title="bbox 267 2815 1785 2873; baseline -0.003 -14"><span class='ocrx_word' id='word_1_272' title='bbox 267 2819 376 2860; x_wconf 91' lang='lat' dir='ltr'>idem</span> <span class='ocrx_word' id='word_1_273' title='bbox 407 2819 684 2860; x_wconf 85' lang='lat' dir='ltr'>Kirchhoffius</span> <span class='ocrx_word' id='word_1_274' title='bbox 712 2823 821 2861; x_wconf 88' lang='lat' dir='ltr'>recte</span> <span class='ocrx_word' id='word_1_275' title='bbox 851 2820 1070 2873; x_wconf 74' lang='lat' dir='ltr'>perspexit3</span> <span class='ocrx_word' id='word_1_276' title='bbox 1101 2830 1175 2859; x_wconf 90' lang='lat' dir='ltr'>nec</span> <span class='ocrx_word' id='word_1_277' title='bbox 1212 2818 1347 2858; x_wconf 91' lang='lat' dir='ltr'>minus</span> <span class='ocrx_word' id='word_1_278' title='bbox 1377 2817 1576 2857; x_wconf 88' lang='lat' dir='ltr'>assentior</span> <span class='ocrx_word' id='word_1_279' title='bbox 1606 2815 1785 2856; x_wconf 84' lang='lat' dir='ltr'>Seidlero</span> 
     </span>
    </p>
   </div>
  </div>
 </body>
</html>
