2110 3279
897 248 1163 286 „effi-

274 351 420 408 ἔχουσι
443 355 591 394 ταῦτα.
639 354 727 404 Quo
759 354 917 394 accedit
945 355 1053 406 quod
1083 365 1117 393 v,
1144 355 1218 394 178
1243 352 1419 404 tripodia
1438 354 1481 392 in
1500 353 1576 393 hoc
1596 354 1788 394 orationis

276 434 430 463 conexu
459 422 545 461 sine
576 423 687 461 certa
718 431 842 460 causa
871 420 1031 470 prolata
1062 417 1337 470 suspicionem
1364 420 1512 459 movet.

382 487 527 538 Itaque
580 486 799 526 commovit
838 486 1066 525 metrorum
1101 485 1205 524 ratio
1243 485 1284 523 et
1318 484 1511 524 orationis
1546 485 1790 536 perversitas

273 551 604 593 Heimsoethium
625 553 672 591 ut
692 550 924 591 remedium
937 549 1102 590 afferret
1123 549 1337 589 scribendo
1358 545 1506 600 βωμοί
1524 562 1570 588 τε
1589 549 1700 589 θεοῦ
1719 562 1791 601 pro

275 612 378 657 ναοί
405 611 451 656 θ’
477 612 517 656 οἱ
547 611 731 667 φοίβου,
767 618 807 656 61
828 616 1042 656 Henseum
1071 617 1117 655 ut
1146 627 1181 654 v.
1215 618 1292 656 177
1314 627 1370 666 sq.
1397 615 1447 656 de
1478 615 1790 668 interpolatione

274 684 483 736 suspectos
522 682 693 722 haberet
721 683 786 722 vel
816 681 993 722 admisso
1034 681 1148 731 gravi
1178 681 1293 721 Vitio:
1333 674 1363 734 ἢ
1399 674 1543 728 νάπος
1569 674 1790 732 Ἴσθμιον.

276 744 470 787 Κτείνειν
503 760 536 788 6.
567 759 603 799 q.
633 760 662 788 s.
692 748 735 787 in
764 760 798 788 V.
825 750 921 796 176,
953 747 1020 786 cui
1048 747 1090 786 in
1119 747 1379 799 responsione
1409 745 1574 799 opponit
1602 746 1664 786 vir
1694 746 1791 787 doc-

270 816 340 854 tus
370 808 489 863 lexim
520 813 664 853 νικῶν.
711 813 846 853 Ι1111110
871 813 915 853 111
934 813 1101 864 quidem
1121 813 1198 864 ipsi
1219 812 1309 852 sani
1329 812 1538 852 obscurati
1558 813 1655 852 sunt
1675 812 1790 852 lacu—

271 880 353 929 nis,
389 879 536 931 quibus
576 880 746 932 expletis
784 891 929 920 sensus
965 890 1125 930 quoque
1163 877 1310 918 evadat
1346 877 1588 918 sanissimus
1624 890 1791 919 necesse

273 948 343 985 est.
402 945 522 984 Hanc
561 946 702 985 autem
743 957 883 985 veram
923 943 1171 985 emendandi
1209 942 1321 982 viam
1350 943 1433 983 iam
1464 945 1585 984 antea
1614 944 1792 994 ingressi

272 1013 370 1050 sunt
408 1010 485 1050 viri
523 1010 641 1050 docti.
700 1010 863 1050 Primus
894 1010 1160 1050 Hermannus
1199 1009 1328 1049 sensit
1365 1009 1518 1060 aliquid
1549 1022 1637 1050 esse
1667 1009 1790 1049 oblit-

271 1078 463 1124 teratum,
496 1088 673 1127 quocum
701 1076 927 1116 accusativi
960 1070 1100 1122 νάπος
1117 1069 1329 1125 Ἴσθμιον
1359 1076 1496 1115 essent
1515 1074 1790 1115 construendi.

272 1142 411 1182 Etiam
441 1141 573 1192 magis
594 1142 775 1193 requires
796 1141 981 1190 verbum,
1013 1142 1047 1181 si
1067 1141 1206 1181 hiatus
1228 1140 1413 1181 evitandi
1433 1152 1556 1182 causa
1576 1142 1790 1183 Badhamo

273 1209 436 1248 auctore
479 1205 766 1258 παιδοτργεῖν
806 1208 871 1247 vel
912 1208 1046 1260 potius
1086 1201 1437 1260 παιδουργήσειν
1475 1208 1700 1260 scripseris,
1745 1211 1792 1248 ut

271 1273 472 1322 omittam,
502 1273 610 1324 quod
639 1274 682 1313 in
712 1285 793 1313 uno
824 1273 927 1313 libro
950 1273 1035 1313 Pal.
1057 1273 1091 1313 B
1113 1273 1207 1324 post
1227 1267 1486 1324 πειόούργει
1515 1266 1557 1326 ἢ,
1591 1274 1634 1313 111
1663 1274 1791 1314 altero

270 1338 376 1378 Flor.
409 1338 438 1380 C
479 1339 595 1379 initio
631 1351 771 1379 versus
808 1339 1062 1391 insequentis
1093 1339 1337 1379 adnotatum
1368 1340 1429 1379 est
1459 1336 1603 1377 λείπει
1634 1337 1789 1378 κιῦλον.

271 1404 384 1455 Quae
421 1418 516 1445 cum
554 1405 613 1445 ita
649 1404 751 1453 sint,
788 1404 907 1446 facile
946 1405 1196 1447 concedatur
1228 1406 1290 1445 tot
1324 1404 1520 1445 excidisse
1550 1405 1672 1458 pedes
1699 1407 1790 1458 post

271 1465 413 1517 νάπος
443 1465 655 1520 Ἴσθμιον
696 1472 737 1511 61
773 1467 873 1509 ναοί
907 1465 953 1510 θ)
988 1465 1027 1509 οἱ
1072 1470 1256 1520 φοίβου,
1295 1472 1394 1522 quot
1437 1471 1701 1522 requiruntur
1737 1471 1789 1511 ad

270 1537 570 1577 restituendam
599 1537 801 1577 rationem
827 1537 1176 1589 antistrophicam.

381 1602 605 1643 Parvulum
641 1604 772 1642 restat
801 1602 948 1643 vitium
983 1605 1025 1643 in
1060 1615 1181 1643 versu
1212 1603 1414 1655 strophico
1448 1605 1540 1650 153,
1576 1614 1654 1651 quo
1690 1604 1788 1655 quin

273 1660 329 1706 αὖ
373 1669 600 1709 absurdum
643 1668 697 1708 sit
742 1670 825 1708 iam
862 1682 982 1709 nenio
1013 1669 1191 1716 dubitat3
1235 1681 1361 1720 quare
1399 1668 1638 1709 Badhamus
1681 1669 1787 1709 hanc

270 1736 521 1786 particulam
554 1735 596 1774 111
628 1726 672 1772 εὖ
697 1736 944 1783 mutaverat,
965 1734 1155 1774 Heliseus
1177 1735 1201 1774 1.
1224 1735 1247 1774 1.
1269 1747 1305 1787 p.
1329 1739 1351 1775 7
1373 1729 1540 1787 μάρψω
1563 1729 1710 1783 τόξοις
1730 1728 1782 1781 0²,

272 1792 305 1837 (3
339 1802 568 1852 scripserat,
598 1812 723 1851 quani
755 1801 1034 1841 coniecturam
1060 1799 1222 1840 disertis
1252 1800 1490 1852 comprobat
1509 1801 1641 1841 verbis
1663 1800 1787 1841 simul

272 1865 559 1906 demonstrans
589 1866 698 1906 unde
731 1866 945 1907 deduxerit
975 1866 1205 1917 corruptela
1235 1867 1445 1918 originem.

382 1933 552 1972 Duobus
582 1932 709 1983 igitur
738 1931 839 1972 10615
860 1943 961 1983 quos
982 1932 1176 1982 gravibus
1207 1932 1256 1972 de
1285 1932 1418 1972 causis
1440 1932 1678 1984 depravatos
1700 1944 1787 1972 6556

271 1998 426 2038 (111(111111
476 2010 714 2050 perspexere
759 1997 889 2038 critici
932 1997 1136 2038 restitutis
1166 1998 1413 2050 respondent
1447 1998 1554 2038 inter
1588 2010 1631 2038 se
1665 1998 1786 2050 plane

272 2065 438 2117 stropha
478 2066 518 2105 et
549 2064 805 2116 antistropha
835 2076 964 2115 usque
995 2064 1046 2103 ad
1077 2076 1111 2103 1.
1146 2066 1221 2105 165
1252 2065 1293 2104 61
1326 2066 1401 2105 180
1432 2065 1595 2115 excepto
1630 2076 1664 2103 v.
1699 2067 1787 2115 179,

270 2130 339 2181 qui
369 2143 464 2170 cum
493 2130 696 2182 strophico
726 2141 808 2169 non
837 2130 1034 2180 congruit.

380 2194 524 2247 Itaque
561 2197 633 2236 aut
662 2195 869 2247 responsio
900 2195 1030 2235 libera
1058 2196 1191 2236 exstat
1221 2197 1293 2234 aut
1323 2194 1556 2246 recipienda
1586 2196 1648 2235 est
1677 2194 1784 2235 Her-

271 2263 414 2303 manni
445 2262 677 2303 emendatio
708 2261 906 2301 facillima
937 2273 1012 2301 nec
1040 2273 1122 2300 non
1151 2261 1388 2312 probabilis:

660 2355 841 2399 κτείνειν
873 2353 910 2398 ὁ)
936 2354 1049 2410 ὑμᾶς
1079 2354 1291 2411 αἰδοῦμαι
1322 2355 1423 2407 τοὺς

659 2423 749 2473 τὰς
778 2426 900 2464 θεῶν
931 2419 1223 2477 ἀγγέλλοντας
1253 2423 1405 2480 φάμας

270 2528 419 2579 quippe
450 2526 519 2578 qui
547 2525 831 2578 paroemiacus
862 2526 1081 2578 singularis
1111 2527 1219 2567 inter
1245 2526 1438 2566 dimetros
1459 2526 1502 2566 in
1521 2526 1596 2566 1106
1615 2525 1781 2578 quidem

271 2593 429 2633 cantico
450 2605 532 2632 non
551 2591 656 2632 nihil
676 2591 908 2632 offensionis
930 2592 1092 2633 habeat.
1123 2591 1235 2642 Quae
1256 2604 1321 2632 res
1341 2593 1436 2632 utut
1456 2604 1497 2632 se
1518 2591 1653 2640 habet,
1679 2592 1782 2631 veri-

271 2657 441 2698 similior
470 2657 610 2709 utique
640 2657 803 2698 videtur
824 2660 1018 2698 accurata
1042 2658 1248 2710 responsio
1277 2658 1321 2697 in
1349 2657 1426 2697 hac
1456 2657 1656 2706 monodia,
1677 2669 1780 2709 quae

270 2724 501 2775 antiquiora
531 2736 658 2774 eaque
690 2723 983 2775 antistrophica
1012 2724 1202 2764 imitatur
1231 2724 1425 2764 carmina.
1477 2723 1592 2763 Haec
1617 2723 1780 2775 potissi-

271 2801 385 2829 mum
421 2790 524 2830 ratio
554 2801 619 2829 1116
649 2789 836 2829 omnibus
866 2791 1016 2831 iterum
1048 2802 1095 2830 ac
1126 2790 1287 2842 saepius
1316 2789 1525 2842 perpensis
1564 2789 1700 2829 movet
1733 2790 1781 2828 ut
