2110 3279
919 301 970 304 W
1029 279 1192 317 57—

407 384 543 436 Atque
591 384 831 437 Euripidem
880 385 1098 438 tripodiam
1152 386 1425 426 acatalectam
1468 399 1548 427 non
1600 386 1814 427 admisisse

298 450 482 491 ostendit
502 449 764 498 Bartholdus,
792 451 838 490 ut
859 462 980 503 supra
1002 450 1329 491 commemoravi.
1381 449 1656 492 Catalecticae
1687 452 1812 492 etiam

298 516 485 567 singulae
533 517 597 557 vel
639 516 870 566 complures
913 516 1154 557 coniunctae
1196 529 1277 556 non
1318 517 1585 557 inveniuntur
1623 517 1702 557 nisi
1743 519 1815 557 aut

299 581 410 621 exitu
440 582 714 634 systematum
747 582 1141 623 alloeometricorum
1173 582 1276 631 loco,
1317 582 1375 622 ita
1409 583 1457 622 ut
1492 581 1533 622 in
1572 582 1667 631 fine,
1708 582 1813 634 quod

298 646 460 699 saepius
489 647 536 688 fit
566 647 881 688 alloeometricis
913 647 1122 696 admixtis,
1161 650 1344 699 systema
1374 649 1457 688 iam
1489 660 1570 688 non
1599 660 1671 700 per
1702 647 1814 700 dipo-

300 711 389 752 dias
434 713 607 753 scandat
649 713 715 753 vel
751 724 878 764 pausa
915 712 1053 753 addita
1091 726 1159 754 sex
1200 725 1406 753 morarum
1450 713 1613 753 dimetri
1652 714 1815 765 tempus

301 777 530 829 expleatur,
577 779 619 818 in
657 777 761 818 Jone
808 790 843 817 v.
883 782 958 819 147
991 790 1091 830 sqq.‚
1142 782 1216 820 175
1254 780 1355 831 (loco
1393 768 1612 829 lacinioso),
1650 781 1728 820 896
1760 790 1816 829 sq.

297 861 352 874 =
373 845 452 884 905
471 854 537 894 sq.‚
565 845 637 883 aut
659 845 841 895 systema
861 844 972 896 ipsae
995 844 1232 892 efficientes,
1262 844 1303 884 in
1325 844 1470 885 Aesch.
1492 843 1600 884 Pers.
1626 856 1659 884 V.
1681 846 1816 885 948—-

299 911 350 951 53
380 927 434 940 =
464 911 676 950 962—65.
740 908 788 948 In
829 911 1055 961 systemate
1100 910 1238 950 autem
1282 910 1368 962 ipso
1423 910 1596 950 occurrit
1642 909 1817 961 tripodia

299 974 538 1015 catalectica
560 975 680 1014 unico
710 975 795 1014 loco
817 975 898 1015 solo
919 976 960 1015 in
981 975 1122 1015 Troad.
1144 988 1178 1014 v.
1204 978 1290 1015 125.
1316 976 1507 1016 Alterum
1532 977 1640 1016 enim
1669 976 1817 1022 locum,

299 1039 370 1092 qui
400 1039 523 1090 vulgo
552 1039 595 1080 in
625 1040 754 1080 aciem
785 1040 1033 1092 producitur,
1062 1041 1147 1093 Iph.
1178 1040 1221 1080 T.
1248 1053 1281 1081 v,
1308 1044 1383 1082 126
1401 1053 1467 1092 sq„
1498 1052 1579 1080 non
1608 1041 1688 1080 huc
1719 1052 1815 1092 per-

298 1106 429 1146 tinere
473 1104 701 1157 apparebit,
742 1106 861 1145 modo
898 1117 1091 1145 numeros
1126 1108 1237 1146 recte
1274 1107 1506 1157 intellegas.
1565 1105 1670 1146 Sunt
1706 1107 1817 1146 enim

300 1182 443 1211 versus
464 1170 526 1210 illi
545 1181 733 1222 paeones,
754 1183 928 1223 quorum
949 1171 1191 1222 rhythmum
1217 1184 1308 1212 cum
1331 1172 1491 1223 generis
1510 1171 1618 1223 paris
1633 1171 1818 1211 versibus

299 1237 516 1277 convenire
569 1248 692 1288 supra
738 1236 1026 1277 demonstravi.
1095 1236 1211 1286 Quod
1252 1240 1299 1278 ut
1339 1238 1397 1277 ita
1439 1238 1672 1277 statuamus
1712 1236 1819 1277 facit

299 1301 558 1354 potissimum
578 1301 795 1354 Euripides
824 1302 922 1354 ipse,
952 1303 1021 1353 qui
1052 1302 1267 1342 verborum
1297 1303 1559 1354 dispositione
1589 1314 1662 1342 nos
1689 1313 1819 1354 paene

300 1367 493 1408 exaudire
523 1367 623 1408 facit
653 1379 856 1420 paeonum
879 1367 1134 1419 epibatorum
1155 1380 1374 1408 numerum
1397 1369 1648 1408 sollemnem.
1705 1366 1820 1416 Quae

299 1435 440 1474 tamen
471 1435 518 1474 ut
546 1434 656 1474 recte
685 1434 1000 1485 intellegantur,
1032 1434 1310 1474 exscribamus
1340 1444 1507 1474 necesse
1535 1434 1596 1473 est
1626 1433 1820 1472 Aristidis

301 1499 351 1540 de
381 1499 456 1540 hoc
486 1511 661 1539 numero
692 1499 815 1539 verba
855 1499 920 1551 (de
952 1511 1054 1539 mus.
1086 1512 1121 1551 p.
1153 1502 1203 1541 39
1235 1499 1390 1551 Meib.):
1426 1494 1572 1537 παίων
1608 1493 1821 1549 ἐπίβατος

301 1560 349 1603 ἐκ
378 1565 552 1616 μακρᾶς
579 1559 751 1611 θέσεως
771 1561 845 1603 καὶ
869 1565 1043 1617 μακρᾶς
1065 1559 1232 1615 ἅρσεως
1254 1562 1326 1604 καὶ
1349 1559 1427 1603 δύο
1449 1565 1629 1616 μακρῶν
1650 1560 1820 1602 θέσεων

299 1627 373 1670 καὶ
401 1631 576 1681 μακρᾶς
607 1623 790 1680 ἄρσεως.
842 1630 1000 1671 Ηο01110
1030 1631 1181 1672 rationi
1212 1632 1534 1671 consentaneum
1565 1632 1627 1671 est
1656 1641 1819 1670 versum

298 1698 486 1737 nostrum
537 1709 584 1737 ex
624 1695 782 1736 duobus
827 1699 1014 1737 constare
1056 1698 1216 1745 metris,
1267 1708 1440 1748 quorum
1482 1696 1661 1748 primum
1708 1695 1819 1741 duas,

301 1762 479 1802 alterum
508 1763 592 1801 tres
623 1762 899 1813 amplectatur
925 1762 1136 1814 syllabas?
1187 1762 1320 1812 Quam
1352 1762 1681 1802 distributionem
1713 1760 1820 1800 diae-

299 1828 401 1868 resis
430 1827 562 1874 fulcit,
595 1838 700 1878 quae
729 1828 771 1867 in
802 1827 1018 1880 permultis
1048 1829 1168 1868 huius
1189 1828 1350 1879 generis
1372 1827 1554 1868 versibus
1575 1828 1666 1879 post
1696 1826 1819 1878 sylla-

303 1894 400 1934 bam
438 1892 664 1934 secundam
696 1894 934 1945 reperiatur.
995 1893 1053 1934 Cf.
1090 1895 1252 1945 praeter
1288 1893 1422 1933 locum
1459 1893 1643 1932 nostrum
1675 1891 1819 1931 Aesch.

303 1957 411 2011 Sept.
443 1970 475 1999 V.
508 1962 598 2008 770,
633 1957 770 2011 Suppl.
802 1971 834 1998 v.
866 1961 966 2009 892,
998 1957 1116 2011 Soph.
1147 1958 1287 2010 Antig.
1316 1970 1351 1998 V.
1386 1961 1502 2005 1121,
1540 1957 1635 1996 Eur.
1665 1956 1755 1997 Jon.
1786 1968 1819 1995 v.

303 2027 395 2075 498,
424 2022 510 2077 Iph.
541 2024 588 2066 A.
620 2036 654 2065 v,
691 2027 806 2074 1043,
837 2025 985 2065 Bacch.
1016 2037 1050 2064 v.
1084 2028 1200 2071 1160,
1230 2024 1320 2064 Hel.
1352 2036 1386 2063 v.
1421 2026 1534 2064 1325.

412 2090 502 2131 Uno
539 2090 669 2142 igitur
699 2090 883 2142 exemplo
913 2091 976 2131 uti
1004 2091 1132 2143 possis
1163 2090 1213 2130 ad
1244 2089 1502 2142 probandum
1532 2088 1573 2127 in
1604 2088 1700 2140 ipsis
1732 2098 1817 2139 sys-

301 2155 471 2197 tematis
503 2156 774 2210 anapaesticis
805 2155 1002 2208 tripodias
1033 2168 1119 2196 esse
1149 2155 1364 2195 adhibitas.
1414 2154 1522 2194 Huic
1556 2155 1696 2194 autem
1732 2153 1819 2193 loco

302 2222 386 2262 iam
421 2221 627 2263 medicina
666 2223 858 2263 salutaris
895 2223 1039 2275 parata
1076 2222 1146 2262 est.
1212 2219 1319 2270 Quid
1355 2220 1465 2260 enim
1505 2219 1704 2259 habemus
1748 2229 1820 2258 cur

304 2287 609 2339 discriptionem
641 2288 904 2341 repudiemus
936 2286 1232 2328 consuetudine
1262 2285 1482 2334 firmatam,
1511 2296 1615 2336 quae
1645 2285 1722 2324 est:

748 2379 957 2434 Ἑλλάδος
987 2380 1202 2437 ἐυόρμοτς
1231 2378 1377 2423 (111-λῶν

752 2453 911 2492 παιᾶνι
943 2452 1105 2504 στι-γνῷ
1138 2445 1348 2502 συρίγγων
1377 2442 1411 2487 τ)

752 2512 1017 2573 ἐυφθόγγων
1049 2516 1217 2572 φωναῖς
1245 2509 1476 2567 βαίνοι-σαι

753 2580 948 2623 πλεκτὰν
977 2576 1211 2634 Αἰγύπτου
1242 2575 1453 2619 παιδείαν

752 2641 1041 2703 ἐξηρτήσασθ’
1050 2680 1058 2688 .

417 2749 511 2791 Jam
554 2750 620 2790 via
656 2750 818 2790 munita
854 2748 906 2788 ad
945 2748 1080 2788 locum
1121 2745 1393 2787 difficiliorem
1424 2742 1646 2785 emendatu
1675 2753 1816 2794 proce-

308 2814 465 2864 damus,
496 2815 584 2856 dico
604 2826 639 2855 v.
665 2817 756 2856 136:
789 2808 1010 2865 Πρίαμον,
1044 2807 1122 2861 ἐμέ
1151 2824 1197 2850 τε
1216 2807 1379 2862 μελέαν
1395 2804 1599 2861 Ἑκάβαν,
1629 2809 1745 2848 cuius
1774 2808 1817 2847 111
