2110 3279
929 253 1201 292 ‚51-

422 358 569 400 Restat
608 360 815 400 canticum
856 360 1035 412 primum
1072 364 1339 407 Iphigeniae
1370 365 1585 400 Tauricae
1622 373 1658 403 v.
1694 364 1824 404 123—

312 426 403 473 235,
434 423 476 464 in
506 436 586 476 qua
616 427 758 466 tamen
785 425 925 466 fabula
945 426 1184 466 threnodiae
1205 427 1486 475 commatioae,
1517 440 1620 479 quae
1652 440 1676 468 a
1706 429 1826 469 choro

313 490 353 529 et
374 489 424 530 ab
445 491 580 530 actore
602 491 761 532 alterna
781 492 868 531 vice
890 493 1120 540 cantantur,
1152 504 1294 533 omnes
1323 494 1466 533 tantae
1487 494 1596 541 sunt,
1618 495 1665 534 ut
1685 507 1826 535 mono—

314 554 402 595 dias
431 556 612 608 proprias
643 557 915 609 aequiperent.

305 628 307 630 ·
420 621 476 661 Η1
506 622 616 662 enim
646 634 786 662 versus
815 622 1178 674 quomodocunque
1204 624 1246 663 in
1267 623 1380 664 libris
1402 624 1654 675 exhibentur,
1684 628 1825 668 tamen

312 688 353 726 et
382 687 548 738 qualem
579 699 746 727 sensum
766 687 947 727 habeant
978 689 1018 728 et
1040 699 1063 727 a
1092 699 1169 738 quo
1189 690 1508 740 pronuntientur
1531 691 1573 730 in
1595 693 1732 743 aperto
1754 695 1826 733 est.

310 750 419 792 Nam
450 764 485 792 v,
520 755 706 794 123—36
738 754 779 793 et
812 754 1044 803 iso—202,
1088 753 1157 804 qui
1185 754 1308 804 vulgo
1338 752 1575 806 Iphigeniae
1605 758 1723 797 erant
1753 758 1826 798 ad-

311 817 422 866 dicti,
452 819 583 865 choro,
616 819 680 859 cui
710 819 846 858 omnia
876 819 1027 870 optime
1056 820 1313 868 conveniunt,
1343 821 1441 871 quin
1470 821 1552 861 sint
1583 822 1827 874 adsignandi

312 884 375 923 vix
409 884 629 935 quisquam
660 884 822 924 dubitat
857 884 947 936 post
983 883 1188 924 eruditam
1217 884 1404 925 Teuffelii
1435 886 1755 939 disputationem
1783 889 1826 930 in

310 949 416 988 Mus.
453 949 581 989 Rhen.
619 950 692 989 vol.
737 949 884 989 XXIX
927 963 962 1002 p.
1004 953 1080 992 193
1111 962 1195 1002 sqq.
1245 950 1311 1003 (cf.
1342 953 1554 1003 praeterea
1601 953 1826 996 Hermann.

311 1014 364 1054 ad
393 1025 427 1054 V.
462 1016 548 1056 181.
580 1014 764 1055 Kvicala.
796 1015 986 1066 Beitriige
1018 1028 1090 1056 zur
1119 1016 1257 1056 Kritik
1287 1016 1372 1056 und
1403 1017 1583 1069 Exegese
1615 1019 1687 1060 der
1706 1020 1824 1061 Taur.

310 1078 395 1131 Iph.
427 1092 462 1132 p.
493 1082 546 1121 22
567 1092 635 1131 sq,
669 1079 863 1132 Koechly.
894 1080 1066 1122 Emend.
1097 1082 1139 1122 in
1162 1082 1256 1122 Eur.
1287 1081 1372 1133 Iph.
1393 1081 1511 1123 Taur.
1542 1084 1614 1124 ΠΙ.
1637 1097 1672 1137 p.
1695 1089 1718 1127 9
1739 1088 1825 1140 sq).

419 1145 565 1197 Itaque
606 1146 863 1197 ingeniosum
906 1147 1045 1187 lusum
1082 1147 1270 1194 Seidleri,
1307 1149 1376 1199 qui
1413 1149 1591 1189 veterem
1636 1162 1825 1193 versuum

311 1209 625 1263 descriptionem
647 1211 830 1259 retinuit,
857 1212 1030 1252 missum
1052 1212 1185 1253 facere
1206 1214 1311 1260 licet,
1344 1226 1437 1254 cum
1458 1217 1699 1266 praesertim
1719 1218 1825 1259 Her—

311 1288 489 1318 mannus
521 1278 758 1318 constanter
787 1276 1028 1317 adversatus
1060 1279 1130 1325 sit,
1169 1280 1238 1329 qui
1271 1280 1332 1319 bis
1367 1281 1443 1320 hoc
1480 1282 1688 1322 canticum
1716 1285 1824 1325 trac-

309 1342 431 1394 tavit,
474 1343 654 1395 primum
696 1343 739 1383 in
777 1355 951 1383 censura
990 1343 1180 1383 editionis
1210 1343 1485 1386 Seii-llerianae
1523 1347 1588 1397 (cf.
1619 1348 1827 1401 Leipziger

310 1407 706 1460 Litteraturzeitung
742 1421 775 1449 a.
810 1411 912 1451 1813
944 1422 981 1449 11.
1012 1411 1091 1450 267
1113 1410 1230 1460 sqq),
1266 1413 1355 1451 tuin
1388 1412 1429 1451 in
1469 1424 1542 1452 sua
1576 1413 1702 1464 ipsius
1739 1415 1824 1455 edi-

309 1474 430 1514 tione.
489 1473 627 1526 Atque
664 1474 707 1515 111
743 1487 916 1515 censura
955 1486 1080 1526 quam
1113 1474 1226 1516 dedit
1257 1489 1447 1517 versuum
1483 1478 1824 1527 distributionem,

311 1552 359 1581 ea
395 1553 446 1581 ne
483 1541 591 1593 apud
630 1542 765 1593 ipsum
793 1541 958 1592 quidem
991 1541 1091 1582 satis
1127 1542 1273 1591 valuit,
1308 1545 1354 1583 ut
1391 1543 1431 1583 in
1468 1544 1730 1586 adnotatione
1768 1548 1819 1587 ad

307 1618 342 1646 V.
374 1608 452 1647 817
491 1606 680 1647 editionis
717 1607 802 1659 ipse
833 1607 1082 1648 sententiam
1114 1620 1231 1648 suam
1261 1610 1476 1660 respuerit,
1518 1622 1621 1661 quae
1645 1614 1819 1662 quantas

309 1671 575 1712 difficultates
604 1674 764 1713 motura
796 1674 902 1713 esset
931 1673 1135 1724 sagaciter
1164 1675 1377 1726 perspexit.

417 1737 564 1779 Postea
594 1739 636 1779 in
667 1739 843 1780 editione
874 1739 1025 1791 optime
1057 1739 1158 1779 vidit
1188 1752 1269 1780 non
1298 1742 1430 1780 totuin
1461 1752 1624 1782 carmen
1658 1743 1819 1793 legibus

308 1802 612 1856 antistrophicis
648 1816 789 1857 parere
823 1817 954 1856 neque
992 1805 1041 1845 de
1074 1805 1260 1845 omnibus
1293 1807 1392 1846 certi
1422 1806 1519 1857 quid
1550 1807 1676 1848 statui
1704 1821 1818 1860 posse

307 1871 471 1922 propter
499 1872 617 1911 tanta
648 1871 763 1919 vitia,
798 1872 846 1910 ut
875 1870 1092 1910 videantur
1121 1871 1277 1911 secerni
1312 1872 1377 1911 vix
1404 1884 1519 1924 posse
1550 1873 1766 1914 subditicia
1796 1886 1819 1914 a

307 1936 507 1986 genuinis,
539 1938 680 1990 aperta
714 1938 854 1977 autem
890 1935 1161 1988 responsionis
1191 1936 1365 1988 vestigia
1385 1939 1541 1977 exstare
1561 1951 1636 1978 nec
1655 1950 1818 1990 prorsus

306 2001 467 2041 nullam
505 2002 640 2054 legem
679 2015 767 2043 esse
805 2002 1074 2042 observatam.
1133 2001 1222 2042 Hoc
1257 2004 1395 2042 tamen
1429 2003 1527 2042 inihi
1563 2015 1642 2044 non
1672 2004 1816 2055 proba-

306 2066 366 2106 vit
394 2067 456 2107 vir
477 2067 790 2118 eruditissimus,
820 2067 926 2119 quod
948 2069 1148 2118 tanquam
1175 2068 1363 2119 strophae
1389 2068 1583 2119 integrae,
1613 2069 1670 2108 sic
1687 2081 1817 2109 unum

306 2144 470 2173 versum
504 2136 580 2176 126
612 2133 747 2174 versui
770 2137 858 2185 127,
887 2134 956 2184 qui
985 2134 1188 2173 artissime
1211 2134 1438 2182 cohaerent,
1468 2134 1710 2186 respondere
1731 2137 1816 2176 sta-

305 2199 397 2239 tuit.
455 2199 623 2240 Etenim
653 2199 696 2240 in
733 2199 920 2240 scaenica
950 2200 1062 2251 poesi
1095 2212 1177 2239 non
1212 2199 1365 2250 singuli
1402 2211 1540 2239 versus
1572 2200 1623 2240 ad
1652 2213 1817 2253 respon-

306 2265 461 2306 sionem
503 2265 603 2306 faoti
639 2278 726 2306 esse
767 2267 911 2314 solent,
955 2265 1034 2306 nisi
1071 2266 1331 2318 stropharum
1361 2265 1491 2305 instar
1521 2267 1816 2307 sententiarum

306 2333 378 2371 aut
405 2332 632 2372 metrorum
660 2331 819 2372 ratione
848 2332 952 2372 bene
983 2331 1168 2372 distincti
1198 2330 1439 2371 relationem
1460 2331 1567 2371 inter
1587 2343 1629 2371 se
1650 2332 1815 2373 habent.

416 2395 550 2436 Multo
579 2398 731 2437 rectius
762 2399 901 2437 monet
929 2397 989 2437 vir
1018 2409 1204 2437 summus
1235 2408 1397 2436 versum
1435 2396 1627 2437 excidisse
1656 2399 1817 2450 propter

306 2462 429 2503 metri
455 2462 616 2502 hiatum
645 2464 685 2503 et
706 2463 897 2504 orationis
918 2464 1225 2515 perversitatem
1241 2464 1331 2514 post
1351 2475 1386 2503 v.
1403 2466 1490 2511 141,
1512 2463 1607 2512 quia
1626 2475 1729 2514 quae
1750 2464 1815 2503 hic

306 2526 497 2568 dicantur
526 2527 578 2568 ad
605 2528 841 2569 Menelaum
873 2529 997 2569 etiam
1027 2528 1167 2569 referri
1197 2528 1369 2581 possint3
1400 2526 1655 2579 significatur
1675 2530 1813 2569 autem

305 2592 575 2644 Agamemno,
634 2591 767 2643 Quare
799 2593 1005 2634 Seidlerus
1040 2594 1227 2634 restituto
1257 2592 1565 2644 μυριοτευχοῦς
1595 2594 1814 2634 articulum

304 2658 400 2708 τῶν,
429 2671 552 2711 quein
583 2659 763 2700 secunda
783 2671 931 2700 manus
961 2659 1108 2700 codicis
1135 2658 1315 2700 Palatini
1335 2659 1369 2698 B
1391 2658 1560 2710 addidit,
1587 2660 1744 2710 recepit
1763 2659 1814 2699 ad

306 2725 545 2775 genetivum
574 2726 661 2764 τῶν
686 2719 924 2776 Ἀτρειδῶν
947 2725 1125 2777 suppleri
1154 2726 1298 2766 iubens
1326 2720 1422 2771 ἑνὸς
1449 2724 1533 2764 sive
1558 2725 1633 2763 τοῦ
1656 2720 1815 2776 ἑτέρου,

305 2790 541 2831 Dindorfius
578 2787 699 2843 γένος
734 2784 965 2842 Ἀτρειδᾶν
995 2792 1166 2843 scripsit.
1235 2790 1346 2840 Quae
1389 2802 1483 2830 cum
1525 2790 1691 2830 tolerari
1733 2803 1813 2831 non

1553 2854 1599 2887 4*
