2110 3279
882 264 932 267 ---
991 243 1038 279 41
1099 263 1152 268 ,-

263 347 438 388 dubitat.
484 346 572 388 Nec
594 348 726 399 magis
747 348 996 389 dissentiunt
1014 349 1090 389 viri
1111 349 1218 390 docti
1239 349 1288 390 de
1310 350 1465 390 ratione
1486 350 1780 403 antistrophica

261 413 510 462 adhibenda,
547 414 694 466 quippe
724 426 827 466 quae
863 415 993 466 primo
1030 415 1171 455 statim
1210 416 1356 456 obtutu
1394 416 1565 456 eluceat.
1626 415 1704 457 Sed
1735 416 1778 456 in

261 480 498 532 systematis
540 479 832 520 distribuendis
876 479 934 520 ita
968 482 1075 521 inter
1117 494 1159 521 se
1200 481 1476 534 discrepantes
1513 482 1643 522 secuti
1682 484 1779 522 sunt

260 545 450 595 rationes,
479 547 527 586 ut
554 546 657 586 nihil
688 558 757 598 pro
787 548 897 586 certo
928 546 1124 587 affirmari
1154 560 1268 599 posse
1299 547 1497 597 videatur,
1526 547 1568 587 id
1596 547 1702 599 quod
1731 561 1777 589 ex

250 611 371 659 ,brevi
402 614 621 665 conspectu
651 611 751 652 satis
772 612 939 664 patebit.

370 677 507 729 Atque
528 677 794 719 Hermannus
820 690 944 729 quani
966 680 1172 730 proposuit
1192 678 1312 719 huius
1333 679 1527 719 carminis
1549 679 1777 732 dispositio·

260 754 353 783 nem
368 743 518 795 (opusc.
535 743 632 784 VIII
653 756 689 796 p.
703 746 781 785 203
793 745 877 795 sq.)⁷
900 756 945 783 ex
968 756 1047 795 qua
1067 746 1284 796 utramque
1300 745 1506 797 stropham
1523 745 1650 786 ternis
1672 746 1776 786 effici

260 809 407 849 statuit
437 810 693 861 systematis:
724 815 745 850 4
780 843 788 850 .
818 815 841 851 6
875 845 881 850 .
914 814 938 851 6
968 830 1022 842 =
1051 814 1075 850 4
1107 842 1114 850 .
1146 814 1169 852 6
1202 841 1210 848 .
1242 814 1279 859 6,
1307 813 1355 851 ut
1386 812 1645 852 cantantium
1668 811 1777 852 vices

261 875 344 915 sint
379 874 698 925 distinguendae
735 887 769 915 r.
800 879 891 927 201,
920 879 1011 924 207,
1040 878 1132 922 218,
1162 879 1253 925 224,
1290 877 1387 928 quin
1424 888 1514 917 eam
1550 878 1775 930 improbem

259 940 392 981 facere
421 952 503 980 non
532 953 708 993 possum.
763 941 882 982 Hanc
914 942 1023 982 enim
1065 941 1265 983 rationem
1298 944 1346 983 ab
1382 943 1583 995 Euripidis
1614 944 1655 983 in
1686 956 1775 984 ver—

260 1007 372 1047 sibus
402 1008 674 1059 anapaesticis
705 1007 951 1048 adornandis
976 1008 1268 1049 consuetudine
1291 1009 1469 1048 alienam
1491 1021 1577 1049 esse
1599 1010 1662 1050 vel
1682 1009 1777 1049 inde

260 1074 443 1124 apparet,
474 1072 582 1124 quod
620 1073 689 1114 ille
720 1076 761 1114 in
793 1074 990 1114 eiusmodi
1016 1075 1267 1115 carminibus
1297 1075 1380 1115 fere
1408 1075 1605 1126 legitimis
1636 1087 1777 1126 paroe-

263 1139 395 1178 niiaco
425 1140 606 1191 systema
635 1152 716 1179 non
748 1140 934 1192 incipere,
962 1140 1033 1180 sed
1063 1140 1179 1181 finire
1210 1141 1353 1181 solitus
1384 1143 1457 1181 est.

369 1204 475 1244 Tum
505 1205 717 1246 Hensiana
745 1206 874 1245 multo
905 1207 1127 1259 simplicior
1149 1209 1211 1247 est
1231 1208 1334 1247 ratio
1362 1207 1428 1257 (de
1449 1206 1557 1247 Ionis
1579 1207 1658 1247 fab.
1683 1206 1776 1247 Eur.

259 1274 364 1322 part.
396 1271 502 1311 chor.
533 1283 568 1323 p.
599 1274 649 1313 34
672 1275 756 1323 sq.)⁷
788 1285 834 1313 ex
864 1285 943 1324 qua
974 1274 1157 1324 sequitur
1187 1275 1404 1325 utramque
1436 1273 1646 1324 stropham
1673 1283 1775 1324 qua—

258 1338 386 1377 ternis
417 1339 604 1378 constare
636 1340 872 1390 systematis
902 1350 924 1378 a
947 1339 1120 1390 singulis
1157 1339 1361 1380 choreutis
1398 1339 1585 1379 cantatis.
1643 1338 1693 1378 In
1730 1351 1776 1379 eo

258 1405 400 1444 tamen
439 1404 546 1455 quod
581 1417 707 1445 unam
748 1404 997 1446 sententiani
1038 1417 1109 1457 per
1145 1406 1224 1446 tria
1262 1406 1444 1446 extendit
1482 1406 1707 1457 systemata
1742 1417 1775 1444 v,

258 1471 477 1511 220-229
507 1470 548 1510 et
572 1482 606 1510 v.
638 1473 717 1512 220
739 1483 796 1523 sq.
826 1471 1020 1524 dispescit
1048 1484 1071 1512 a
1100 1484 1134 1511 V.
1163 1474 1254 1521 222,
1289 1484 1312 1512 a
1342 1471 1628 1524 probabilitate
1658 1471 1775 1511 aber-

258 1535 364 1576 ravit
395 1536 454 1575 vir
484 1536 638 1588 doctus,
666 1537 812 1590 quippe
843 1539 911 1589 qui
942 1550 1082 1578 versus
1114 1540 1153 1578 et
1184 1537 1388 1578 sententia
1419 1540 1459 1578 et
1496 1539 1625 1577 metro
1655 1537 1776 1576 artis-

258 1601 360 1642 sime
391 1602 645 1644 cohaereant,

370 1667 581 1709 Postremo
614 1670 762 1710 mirum
795 1671 835 1710 in
858 1670 1025 1711 niodum
1049 1670 1252 1711 Christius
1284 1669 1406 1718 (Abh.
1439 1669 1476 1709 d.
1506 1670 1618 1721 bayr.
1642 1669 1717 1709 Ak.
1739 1667 1777 1708 d.

258 1734 325 1775 W.
358 1734 455 1774 XIV
486 1748 521 1788 p.
555 1736 648 1786 197>
671 1748 812 1776 versus
839 1737 897 1776 ita
925 1736 1151 1777 distrahere
1173 1736 1399 1777 conabatur
1419 1737 1526 1776 inter
1546 1736 1778 1776 choreutas:

261 1803 487 1843 197—200
506 1821 559 1834 =
581 1805 796 1853 214—17‚
825 1806 999 1844 201ss2
1020 1822 1074 1834 =
1095 1806 1297 1853 21s-19,
1327 1804 1488 1843 203—ss
1505 1822 1559 1834 =
1576 1804 1778 1851 220—23,

258 1870 448 1910 207—13
478 1888 533 1901 =
563 1870 767 1916 224—29,
799 1881 922 1920 quam
953 1868 1308 1909 ratiocinationem
1337 1869 1398 1908 vir
1427 1870 1641 1920 praestans
1671 1867 1777 1907 infra

258 1933 344 1985 ipse
372 1933 581 1975 refutavit.
640 1933 834 1974 Exseribo
865 1947 968 1986 quae
1001 1934 1162 1974 intersit
1192 1934 1325 1974 audiri
1355 1934 1494 1974 verba:
1534 1933 1654 1973 Diese
1684 1932 1778 1973 Tei-

257 2000 361 2050 lung
388 1999 494 2040 trafe
525 1999 627 2039 doch
657 2000 772 2040 nicht
802 2000 844 2040 in
875 1999 1045 2052 Strophe
1077 1999 1161 2039 und
1191 1999 1458 2052 Antistrophe
1487 1998 1778 2050 gleichmassig

257 2066 334 2106 mit
364 2065 436 2106 der
464 2065 780 2118 Interpunktion
811 2078 1049 2107 zusammen
1078 2065 1164 2105 und
1202 2066 1338 2106 wurde
1374 2065 1582 2112 uberdieS‚
1618 2064 1778 2105 freilich

260 2131 414 2183 infolge
444 2131 516 2172 der
545 2131 783 2183 Neuerung,
814 2133 966 2173 welche
998 2131 1215 2184 Euripides
1246 2132 1286 2171 in
1319 2131 1411 2172 dein
1444 2130 1532 2170 Bau
1564 2130 1635 2170 der
1665 2130 1777 2170 Ana-

257 2199 372 2249 paste
420 2197 652 2250 uberhaupt
697 2211 1017 2250 vorgenommen
1064 2199 1155 2246 hat,
1201 2197 1316 2237 nicht
1367 2197 1590 2237 ausserlich
1648 2196 1776 2235 durch

258 2264 558 2305 katalektische
590 2262 876 2305 Schlussverse
906 2266 1159 2305 unterstutzt
1189 2263 1363 2303 werden.

367 2328 512 2381 Itaque
542 2330 617 2370 hoc
647 2331 855 2371 canticum
886 2332 928 2371 in
959 2330 1186 2383 complures
1218 2329 1407 2369 distribui
1436 2329 1572 2381 partes
1609 2340 1778 2368 consen-

257 2396 427 2435 taneum
449 2397 512 2436 est
527 2407 574 2436 ea
596 2396 785 2437 ordinum
807 2396 1125 2437 conformatione
1147 2396 1412 2447 synimetrica
1433 2394 1659 2443 distinctas,
1676 2405 1780 2444 quae

258 2461 439 2502 sociante
489 2461 686 2503 tibiarum
736 2463 951 2504 concordia
999 2461 1237 2512 requiritur;
1292 2461 1591 2501 sententiarum
1641 2463 1778 2499 autem

259 2526 468 2579 dispositio
497 2540 580 2568 non
609 2528 747 2569 minus
778 2542 801 2569 a
830 2530 951 2582 poeta
981 2528 1165 2580 spectata
1187 2527 1378 2577 cernitur,
1409 2527 1442 2566 si
1462 2525 1779 2577 unumquodque

259 2594 442 2644 systema
472 2595 752 2645 paroemiacus
784 2595 931 2647 excipit
960 2607 994 2634 v.
1029 2596 1119 2641 200,
1149 2596 1240 2643 209,
1270 2595 1361 2642 213,
1390 2595 1488 2643 217,
1518 2591 1656 2641 225*),
1686 2593 1777 2636 229,

350 2745 384 2791 ²¹³)
410 2746 517 2780 Hunc
541 2757 687 2781 versum
707 2750 922 2792 corruptum
941 2748 979 2781 in
996 2746 1271 2792 paroemiacum
1296 2745 1563 2780 restituendum
1582 2755 1656 2779 esse
1674 2743 1783 2778 docet

258 2801 560 2847 ¹antistrophicus.
