2110 3279
837 273 890 276 .-
952 253 995 290 11
1057 272 1110 276 -

215 359 352 399 ω816
373 369 440 409 sq.,
470 357 552 409 qui,
583 357 661 398 nisi
691 358 797 410 quod
828 370 862 397 v.
894 361 971 400 817
1002 371 1124 411 supra
1154 359 1321 400 modum
1352 361 1526 408 excedit,
1563 373 1729 413 prorsus

215 424 457 474 congruunt.
506 423 690 464 Extremi
720 426 861 464 autem
892 425 1176 478 antistrophici
1197 437 1337 466 versus
1358 427 1604 466 sententiam
1627 427 1726 467 cali-

214 489 309 540 gine
342 488 533 529 obrutam
563 491 604 530 et
632 501 825 530 mancam
856 502 943 530 esse
965 502 1086 543 supra
1114 491 1206 538 dixi,
1235 492 1283 531 ut
1303 491 1425 541 exitu,
1456 492 1521 532 0111
1540 493 1728 533 convenit

214 554 391 608 tripodia
435 555 713 607 potissimum,
757 555 950 595 lacunam
991 557 1117 596 trium
1160 557 1311 608 pedum
1348 557 1582 606 indicarim,
1624 570 1726 609 quae

216 621 416 673 quomodo
447 622 607 673 expleta
628 620 796 672 cogitari
816 623 953 673 posset
973 623 1200 663 sententiae
1223 624 1355 674 gratia
1376 623 1525 664 addidi.
1576 623 1726 664 Contra

215 687 322 738 quod
352 688 521 727 lacunas
550 687 593 727 in
611 698 648 727 V.
672 688 771 728 798ει
790 688 831 726 et
852 688 930 727 815
951 687 1234 737 indicavimus,
1264 690 1379 729 nulla
1399 701 1441 729 re
1462 689 1541 728 nisi
1560 700 1726 741 respon-

216 753 326 794 sione
364 764 411 793 ac
447 765 619 793 numero
655 765 727 792 nos
763 764 849 793 esse
889 754 1112 793 commotos
1150 754 1407 803 confitemur,
1448 767 1542 794 cum
1578 767 1650 808 per
1684 767 1728 795 se

216 818 406 871 dactylus
445 820 485 859 et
520 820 720 870 spondeus
755 818 999 870 respondere
1036 821 1208 871 possint:

461 914 610 969 χαλκῷ
642 903 870 971 ’,10ομἦοος
900 933 951 956 ω
985 912 1076 958 οὐδ’
1112 914 1153 959 οἳ
1182 909 1242 974 pti]
1276 904 1470 972 νᾶμῖμοι.

324 1017 460 1068 Atque
493 1029 713 1058 numerum
744 1031 816 1058 0111·
845 1020 1096 1070 corrigamus
1118 1032 1283 1060 causam
1306 1020 1406 1068 dico,
1437 1021 1533 1072 quia
1552 1021 1726 1074 tripodia

213 1083 458 1124 catalectica
488 1082 584 1123 ferri
604 1084 670 1124 vix
696 1086 828 1136 potest
856 1085 898 1124 in
928 1086 1108 1125 carmine
1138 1085 1234 1138 ipso,
1262 1086 1368 1137 quod
1390 1086 1560 1139 dipodiis
1581 1087 1724 1138 singu-

211 1149 261 1189 lis
295 1161 535 1202 percussum
573 1149 746 1190 videtur.
804 1149 999 1201 Arguunt
1036 1151 1145 1191 enim
1183 1152 1289 1192 hanc
1318 1153 1563 1204 potestatem
1594 1151 1725 1192 inesse

211 1227 353 1256 versus
396 1214 588 1268 dipodici‚
631 1215 872 1267 tetrapodiei
906 1216 950 1256 in
988 1216 1105 1256 binas
1141 1216 1322 1269 dipodias
1359 1218 1491 1267 divisi,
1534 1230 1725 1258 caesurae

211 1280 432 1330 bucolicae,
460 1281 712 1334 tetrapodiae
743 1294 838 1322 cum
867 1282 1114 1322 hexametris
1146 1284 1449 1324 continuatione
1481 1284 1723 1323 coniunctae

215 1346 283 1400 (cf.
313 1359 351 1399 p.
386 1347 438 1398 3).
494 1346 645 1400 Sponte
676 1359 769 1388 vero
799 1347 1055 1398 intellegitur
1083 1347 1279 1400 tripodias
1310 1351 1350 1389 et
1383 1349 1651 1401 pentapodias
1681 1349 1723 1389 in

210 1412 358 1453 mediis
388 1412 656 1453 severioribus
686 1413 925 1465 systematis
957 1413 1116 1464 generis
1136 1415 1244 1466 paris
1266 1414 1374 1466 apud
1396 1426 1537 1455 omnes
1556 1414 1722 1465 trigicos

210 1478 361 1519 vitatas
392 1491 489 1520 esse.
548 1479 597 1519 In
628 1479 900 1531 anapaesticis
929 1481 1165 1531 systematis
1196 1479 1306 1532 ipsis,
1333 1480 1398 1520 vel
1424 1480 1466 1521 111
1492 1480 1725 1529 liberrimis,

209 1545 406 1597 tripediae
439 1546 480 1585 et
509 1545 775 1597 pentopodiae
806 1557 887 1586 non
916 1546 1119 1586 admissae
1151 1548 1246 1586 sunt
1273 1558 1404 1597 neque
1435 1546 1478 1586 in
1508 1545 1721 1597 dactylicis

209 1610 307 1663 ipsis
345 1611 427 1651 nisi
470 1612 513 1652 in
554 1611 810 1651 liberioribus
850 1611 1057 1652 adhibitae
1103 1612 1386 1661 inveniuntur,
1436 1612 1479 1651 in
1522 1611 1722 1651 monodiis

210 1676 425 1728 dactylicis
454 1677 605 1718 Phoen.
636 1689 672 1717 v,
707 1679 822 1726 1486,
852 1690 886 1718 V.
920 1681 1017 1718 1571
1053 1677 1263 1730 tripediae,
1290 1691 1326 1718 v.
1360 1680 1474 1728 1489,
1503 1678 1546 1717 in
1574 1677 1722 1730 proodo

209 1743 293 1784 fere
325 1743 629 1784 alloeometrica
654 1743 761 1783 Med.
793 1756 827 1783 V.
861 1746 937 1785 133
967 1743 1249 1796 pentapodiae.
1307 1743 1503 1784 Eiusdem
1524 1742 1720 1783 Phoenis-

210 1820 350 1849 sarum
386 1808 600 1850 monodiae
636 1821 672 1849 V.
715 1812 838 1858 1512,
876 1809 1061 1850 Helenae
1095 1809 1308 1850 monodiae
1344 1822 1378 1849 v.
1415 1811 1511 1858 384,
1550 1808 1720 1849 Medeae

209 1875 350 1927 proodi
379 1874 492 1915 illius
522 1887 558 1914 v.
595 1878 670 1916 136
701 1887 782 1915 non
811 1877 899 1915 tam
929 1875 1009 1915 huc
1039 1877 1238 1928 spectant,
1276 1875 1423 1927 quippe
1452 1886 1550 1925 quos
1581 1886 1721 1914 versus

209 1941 435 1992 sequantur
464 1941 635 1981 alloeom
643 1940 768 1981 etrici.

318 2005 536 2047 Praeterea
565 2006 682 2046 nulla
714 2007 875 2046 exstant
906 2006 1089 2059 exempla
1119 2007 1161 2046 111
1192 2006 1429 2058 systematis
1466 2007 1580 2058 ipsis;
1622 2018 1720 2046 nam

207 2072 336 2114 Andr.
365 2072 541 2125 tripodia
570 2083 603 2111 v.
630 2076 733 2113 1175
766 2075 807 2113 et
835 2072 1080 2125 pentapodia
1110 2085 1145 2112 V.
1181 2076 1283 2113 1177
1323 2084 1365 2112 se
1402 2071 1512 2124 ipsae
1546 2071 1719 2112 invicem

209 2139 421 2190 corrigunt
448 2139 565 2179 nulla
595 2138 835 2186 mutatione,
866 2139 913 2178 ut
941 2137 1047 2178 infra
1077 2138 1244 2178 videbis.

319 2203 431 2255 Quae
462 2216 558 2246 cum
588 2204 647 2244 ita
677 2205 771 2254 sint,
800 2204 998 2256 tripodiae
1028 2204 1125 2245 illae
1156 2205 1199 2244 in
1228 2203 1378 2244 Phoen.
1408 2216 1444 2243 v.
1471 2206 1723 2253 7982m815,

209 2272 243 2312 si
257 2271 370 2312 alind
387 2270 545 2312 accedit
561 2271 812 2323 corruptelae
828 2272 1131 2322 argumentum,
1145 2269 1391 2310 dubitationi
1405 2282 1530 2321 quam
1545 2271 1720 2311 maxime

209 2338 403 2378 obnoxiae
434 2339 542 2388 sunt,
572 2339 620 2378 ut
649 2350 722 2378 cur
751 2337 1002 2388 corrigamus
1030 2338 1183 2377 iustam
1210 2335 1277 2375 hic
1297 2335 1521 2376 habeamus
1543 2347 1720 2376 causam.

317 2402 462 2454 Neque
491 2414 584 2444 vero
614 2403 831 2454 quisquam
858 2416 939 2443 non
970 2402 1080 2443 videt
1108 2403 1151 2442 in
1181 2403 1299 2442 tanta
1329 2403 1485 2452 quanta
1514 2401 1722 2453 praecedit

207 2481 474 2511 numerorum
514 2469 763 2521 aequalitate
802 2481 967 2510 carmen
1002 2470 1188 2509 nostrum
1227 2467 1494 2508 severissimis
1535 2468 1720 2508 choricae

207 2534 480 2588 responsionis
509 2534 672 2587 legibus
700 2547 853 2588 parere.
903 2533 964 2574 Ne
987 2546 1177 2574 caesurae
1202 2534 1366 2585 quidem
1391 2533 1719 2573 hexametrorum

208 2602 443 2654 discrepant
477 2612 609 2652 neque
650 2601 738 2641 ulla
779 2601 942 2640 omnino
972 2600 1243 2651 inaequalitas
1274 2599 1458 2652 apparet,
1500 2599 1578 2638 nisi
1613 2598 1719 2650 quod

207 2667 387 2720 quinque
417 2666 517 2707 10018
546 2667 684 2708 hiatus
714 2668 779 2708 vel
809 2666 969 2718 syllaba
999 2677 1148 2718 anceps
1176 2665 1464 2705 admittuntur.

319 2731 464 2784 Itaque
500 2732 739 2786 Euripidem
779 2733 904 2774 etiam
932 2733 975 2772 in
1012 2731 1304 2772 recentioribus
1345 2730 1494 2770 fabulis
1529 2753 1583 2758 —
1618 2741 1717 2770 nam

208 2799 529 2842 Phoenissarum
549 2798 690 2839 fabula
711 2800 760 2840 01.
782 2803 845 2848 9⁶2,
867 2801 890 2840 3
910 2800 975 2840 vel
996 2811 1077 2839 non
1098 2798 1278 2839 multum
1301 2799 1396 2838 ante
1418 2796 1569 2847 scripta
1591 2797 1718 2837 est—
