2110 3279
222 367 352 407 latere
381 378 502 406 nemo
533 377 685 417 gnarus
707 377 788 405 non
808 365 929 406 videt.
979 365 1029 405 In
1049 365 1111 419 his
1141 365 1268 415 igitur
1292 363 1390 416 quid
1415 365 1468 404 sit
1488 365 1738 416 propositum

224 431 450 472 videamus.
499 430 672 471 Moleste
703 443 798 471 cum
828 431 983 471 inserta
1011 432 1270 483 reperiantur
1298 430 1422 471 verba
1451 430 1647 471 mendosa
1676 430 1739 482 πῆ

225 490 377 551 δ’ἤσω,
410 497 825 549 interpretamentum
856 497 995 549 opinor
1024 497 1266 537 mutilatum
1288 495 1522 546 magistelli,
1558 496 1629 548 qui
1658 496 1741 536 sive

222 562 410 615 Dionysii
430 562 806 603 Halicarnassensis
838 563 1069 614 exemplum
1099 558 1215 613 (περὶ
1235 563 1409 601 συνθεσ.
1432 555 1554 612 ὄνομ.
1587 573 1620 603 c.
1647 565 1741 613 17p.

224 630 303 671 218
316 641 400 681 sqq.
421 627 661 680 Schaefcr.):
692 625 904 674 σιτοδεῖος
935 621 1109 678 ἀξίωμα
1141 621 1228 677 ἔχει
1257 623 1369 679 μέγα
1401 624 1476 667 καὶ
1502 622 1742 680 σεμνότητα

223 688 409 748 πολλήν.
448 687 744 746 Παράὸειγμα
777 689 824 732 δὲ
853 685 983 733 adzo&
1015 688 1134 732 τόδε·
1168 688 1327 733 ποίαν
1358 686 1478 746 δῆθ’
1513 688 1739 744 ὁρμάσω,

222 754 384 799 ταύταν
414 753 441 799 ³rx
462 756 621 807 κείναν,
644 754 790 798 κείναν
821 751 850 812 ’ἢ
878 754 1039 798 ταύταν
1069 772 1140 800 seu
1169 759 1259 799 aliis
1281 771 1517 812 expressum
1536 758 1670 799 Verbis
1690 781 1743 786 -—-

224 837 323 866 nam
352 826 515 878 saepius
546 825 813 866 recurrebant
844 825 896 865 ad
925 826 1062 866 locum
1093 826 1250 865 Veteres
1272 824 1535 876 grammatici
1555 823 1621 874 (cf.
1643 823 1743 863 Ale-

223 891 387 933 xander.
411 891 461 933 de
488 892 638 933 schem.
662 890 762 930 VIII
796 903 830 943 p.
862 893 941 933 429
979 890 1132 931 wala:
1172 884 1308 929 ποίαν
1344 884 1484 940 ἔλθω,
1526 883 1687 928 ταύταν
1719 882 1744 943 ἢ

225 952 403 1008 uiuam>
441 982 493 987 —
527 959 571 998 in
601 958 737 998 animo
769 956 957 1005 habebat,
989 955 1164 996 secludit
1194 955 1460 996 Hermannus
1491 956 1592 996 haec
1622 954 1745 995 verba

224 1024 347 1077 atque
378 1024 559 1066 contexit
588 1024 782 1075 quattuor
813 1034 952 1063 versus
986 1023 1201 1063 163-166
1233 1021 1276 1061 in
1305 1023 1389 1062 tres
1419 1022 1507 1061 hos:

613 1132 763 1187 στείχω
774 1152 787 1186 ,·
819 1138 906 1177 ποῦ
937 1151 1004 1184 τις
1033 1137 1155 1176 θεῶν
1185 1131 1211 1192 ἢ
1243 1133 1410 1189 δαίμων

616 1199 868 1256 ἐπαρωγός,·
901 1197 953 1242 ἶιὺ
984 1196 1079 1242 κάκ’
1116 1198 1372 1254 &remmom

619 1265 839 1324 Τρῳάδες,
873 1261 908 1309 ὦ
938 1264 1030 1309 κάκ’
1066 1265 1324 1319 §veyne->fiam

225 1387 268 1426 in
288 1386 436 1438 quibus
455 1388 620 1439 praeter
640 1386 973 1427 additamentum
994 1385 1211 1438 expulsum
1232 1384 1337 1424 nihil
1357 1385 1420 1425 est
1440 1385 1649 1425 mutatum
1665 1385 1747 1424 nisi

224 1451 416 1493 vitiosum
442 1452 613 1493 verbum
635 1448 860 1503 δαιμόνων
887 1452 931 1492 in
952 1445 1124 1502 δαίμων
1154 1452 1195 1491 et
1220 1451 1403 1503 primum
1424 1442 1458 1488 ὦ
1479 1451 1523 1491 in
1544 1443 1608 1499 ἱιι),
1639 1449 1747 1501 quod

225 1518 386 1570 saepius
406 1530 506 1571 opus
526 1530 614 1559 esse
635 1519 678 1558 in
699 1519 829 1559 metro
850 1516 1102 1558 restituendo
1123 1529 1242 1557 nemo
1263 1517 1340 1557 erit
1359 1516 1459 1567 quin
1475 1516 1588 1556 sciat.
1627 1514 1746 1555 Alius

225 1583 340 1624 locus
376 1584 509 1625 metro
548 1584 802 1632 claudicans,
843 1583 893 1624 de
933 1595 1010 1634 quo
1049 1582 1346 1623 diversissimas
1377 1581 1636 1634 protulerunt
1671 1581 1747 1620 viri

225 1648 381 1690 doctsei
409 1649 603 1699 ntentiaS‚
644 1649 796 1701 legitur
825 1650 867 1690 in
896 1648 1129 1701 Polyxenae
1159 1648 1375 1689 threnodia
1409 1660 1444 1687 v.
1476 1650 1555 1688 200
1575 1658 1646 1698 sq„
1675 1646 1746 1686 tri-

225 1715 382 1768 podiae.
448 1714 558 1766 Quas
600 1716 647 1755 ut
685 1714 887 1756 evitemus
923 1727 1019 1755 cum
1056 1714 1297 1763 Bartholdo‚
1337 1715 1407 1766 qui
1440 1713 1600 1766 primus
1638 1714 1748 1753 recte

225 1780 364 1822 docuit
394 1778 517 1834 (Mus.
547 1781 677 1822 Rhen.
708 1780 809 1821 XXI
839 1793 877 1833 p.
900 1784 951 1822 54
973 1782 1072 1832 sqq.)
1106 1780 1347 1833 Euripidem
1366 1779 1585 1832 tripodiam
1607 1779 1746 1818 acata-

223 1847 378 1888 lectam
396 1846 473 1887 sibi
488 1858 571 1887 non
587 1846 805 1887 indulsisse
823 1847 865 1886 in
879 1847 1118 1898 systematis
1135 1845 1418 1898 anapaesticis,
1434 1846 1492 1886 sic
1507 1844 1747 1885 scribentes:

1008 1952 1106 1994 οἵαν
1140 1952 1239 1993 οἵαν

672 2012 728 2060 αὖ
748 2031 822 2060 σοι
852 2015 1000 2071 λώβαν
1031 2015 1240 2069 ἐχθίσταν

672 2080 864 2140 ἆῤῥήταν
894 2079 927 2124 τ’
957 2077 1094 2138 ὦρσεν
1126 2079 1319 2135 δαίμων,-

228 2208 489 2259 neglegimus
511 2207 768 2259 singulorum
800 2206 951 2260 pedum
971 2206 1306 2251 concinnitatem,
1337 2205 1396 2244 ita
1422 2206 1469 2244 ut
1498 2203 1747 2244 hemistichii

230 2274 394 2326 tempus
424 2274 622 2314 sermonis
653 2285 780 2325 pausa
810 2273 1038 2325 expleatur,
1067 2284 1193 2324 quam
1222 2271 1288 2312 hic
1319 2271 1413 2311 ante
1444 2269 1747 2310 monometrum

229 2338 355 2380 fuisse
385 2339 640 2380 crediderim.

337 2404 436 2446 Jam
471 2405 610 2446 omnia
647 2407 757 2446 recte
794 2404 1029 2458 procedunt.
1091 2402 1310 2454 Excipiunt
1345 2402 1454 2442 enim
1493 2402 1536 2442 in
1573 2403 1747 2452 utroque

227 2471 397 2523 planctu
424 2471 518 2511 bina
543 2472 790 2523 systemata:
824 2472 1023 2512 154—58.
1058 2471 1245 2511 159—66
1264 2471 1552 2510 tx2197—201.
1583 2467 1746 2508 202-8

229 2536 282 2577 ad
311 2536 522 2578 severioris
551 2535 824 2589 responsionis
854 2535 1138 2588 anapaesticae
1169 2535 1281 2586 leges
1318 2533 1572 2574 conformata
1608 2542 1747 2572 versus

230 2602 457 2656 dactylicus
487 2605 528 2644 et
557 2602 770 2643 iambicus.
821 2601 899 2652 Qui
928 2613 1068 2642 versus
1099 2598 1392 2640 alloeometrici
1420 2600 1582 2650 praeter
1602 2608 1745 2650 paroe-

231 2668 383 2709 miacos
412 2670 549 2710 ternos
580 2670 622 2710 et
651 2670 925 2709 monometros
955 2666 1138 2718 singulos
1168 2665 1245 2705 sibi
1274 2663 1566 2716 respondentes
1587 2662 1746 2714 gravis-

231 2733 326 2774 simi
361 2735 458 2775 sunt
498 2736 626 2776 testes
670 2746 735 2774 me
772 2733 906 2774 iudice
948 2744 1076 2783 usque
1121 2731 1172 2772 ad
1213 2731 1324 2770 hunc
1363 2730 1499 2770 locum
1544 2729 1747 2769 musicam

231 2798 557 2842 modulationem
588 2799 762 2841 eandem
792 2799 916 2839 fuisse
947 2798 989 2838 in
1017 2799 1222 2848 untraque
1252 2795 1478 2837 threnodia.

278 2903 281 2907 .
301 2870 442 2904 Eichler,
463 2871 500 2897 de
521 2870 732 2901 responsione
754 2869 932 2901 Euripidea.
1516 2863 1535 2893 4
