2110 3279
868 242 1140 280 *56—

249 347 429 399 gendum
466 360 612 400 parum
645 349 785 399 liquet.
846 347 1047 398 Equidem
1088 347 1127 388 id
1158 349 1323 388 tantum
1354 360 1544 389 moneam
1574 361 1625 389 ne
1654 349 1760 389 ordi-

249 426 347 454 num
386 426 583 454 numerus
621 413 844 454 memoriae
880 413 1066 463 proditus
1101 415 1301 463 mutetur,
1340 426 1434 454 cum
1474 426 1557 454 non
1595 413 1762 454 fortuito

251 480 346 519 ante
376 491 518 519 versus
550 480 687 532 aperte
716 478 1012 530 respondentes
1041 491 1116 530 par
1143 491 1337 519 versuum
1365 479 1547 519 ambitus
1584 479 1762 520 traditus

248 544 440 598 rideatur
468 557 544 585 nec
574 544 659 585 veri
689 544 741 584 sit
773 544 974 584 dissimile
995 543 1117 585 verba
1138 545 1213 584 illa
1233 545 1354 597 plane
1377 547 1564 597 corrupta
1585 558 1621 586 v,
1640 548 1690 587 76
1706 557 1760 596 sq.

249 610 292 648 111
332 610 469 650 10011111
506 610 724 650 verborum
760 610 1089 650 oblitteratorum
1120 610 1345 651 substituta
1385 623 1484 651 esse.

359 673 437 725 Qui
467 675 725 726 antiperiodo
756 675 930 716 admixti
959 677 1056 715 sunt
1087 675 1260 728 dactyli,
1291 676 1339 717 de
1371 677 1427 717 eis
1457 676 1570 718 brevi
1599 676 1762 728 praeci-

249 741 363 790 dam,
396 753 491 781 cum
522 741 619 792 quin
650 741 772 781 Porso
803 742 985 781 scribens
1016 743 1057 781 in
1087 755 1123 782 v.
1155 745 1203 783 91
1240 736 1453 789 ἀνοίκτως
1487 755 1557 794 pro
1594 736 1764 796 ἀνάγκᾳ

256 800 450 857 Οἰκτριῦς
479 818 622 847 verum
653 807 855 848 invenerit
899 807 961 847 vix
1007 807 1224 858 quisquam
1265 808 1434 849 dubitet.
1501 807 1764 860 Subsequens

251 872 361 912 enim
390 872 563 925 tripodia
585 886 618 913 V.
641 876 692 914 92
715 873 856 914 eodem
890 873 1037 913 eriseos
1064 872 1339 914 instrumento
1370 874 1427 914 ita
1458 876 1510 914 ad
1541 874 1763 915 sanitatem

248 937 460 978 reducitur
507 951 585 990 quo
634 939 839 979 sententia
879 937 1027 990 frigida
1072 940 1112 978 et
1152 939 1290 979 otiosa.
1356 939 1573 980 Praeterea
1616 939 1763 980 confir-

248 1004 386 1043 matur
429 1004 615 1045 Porsonis
662 1004 894 1045 emendatio
933 1004 1104 1044 duorum
1151 1004 1336 1044 codicum
1380 1005 1515 1056 glossa
1558 999 1762 1058 ἀνηλεῶς.

248 1068 393 1120 Itaque
429 1071 646 1122 utramque
687 1071 901 1121 stropham
932 1081 1184 1121 quamquam
1216 1069 1469 1110 liberrimam
1500 1072 1657 1112 certum
1688 1072 1762 1112 ha-

247 1134 382 1175 buisse
416 1136 645 1176 sententiae
672 1136 796 1176 finem
828 1135 1070 1176 crediderim
1109 1134 1251 1175 eodem
1281 1147 1358 1186 quo
1388 1139 1479 1188 post
1508 1137 1607 1177 alios
1637 1149 1670 1177 r.
1703 1138 1762 1177 al-

246 1200 529 1242 loeometricos
561 1202 696 1251 modo,
732 1213 783 1242 ne
820 1202 903 1241 sint
940 1203 1138 1252 tanquam
1176 1201 1354 1242 immixti
1390 1203 1626 1253 systematis
1664 1214 1762 1242 ana—

246 1267 437 1318 paesticis
468 1268 564 1320 ipsis
586 1279 726 1308 versus
749 1266 945 1319 dactylici
971 1265 1222 1318 monopodiis
1251 1269 1444 1319 percussi.

360 1397 583 1439 Veniamus
615 1399 666 1439 ad
687 1399 884 1439 Hecubae
914 1397 1125 1438 monodiae
1157 1398 1199 1437 in
1223 1402 1474 1437 Troadibus
1505 1411 1540 1437 v.
1567 1401 1766 1446 122—52,

248 1476 349 1515 quos
380 1477 630 1516 quamquam
660 1465 765 1505 nulli
795 1465 1053 1517 reperiantur
1084 1476 1121 1504 v.
1154 1464 1450 1505 alloeometrici
1491 1466 1633 1505 tamen
1662 1465 1766 1516 legi—

249 1529 325 1569 bus
354 1530 610 1570 antitheticis
631 1542 773 1582 parere
804 1530 847 1570 in
878 1531 1014 1570 oculos
1042 1529 1225 1569 incurrit.
1276 1528 1391 1579 Quod
1420 1533 1468 1571 ut
1497 1531 1548 1571 ab
1569 1530 1766 1584 Euripide

248 1596 291 1635 in
333 1596 410 1635 hac
446 1596 659 1637 threnodia
701 1597 943 1637 institutum
981 1607 1067 1636 esse
1106 1607 1348 1636 censeamus
1385 1598 1426 1637 et
1462 1597 1588 1638 totius
1618 1597 1768 1638 cantici

249 1660 345 1701 inde
379 1673 401 1701 a
432 1673 467 1700 1.
489 1664 541 1703 98
572 1674 700 1714 usque
732 1662 783 1702 ad
805 1675 838 1702 v.
862 1663 941 1703 234
964 1661 1254 1713 compositione
1275 1663 1541 1714 symmetrica
1572 1666 1612 1703 et
1641 1662 1767 1714 ipsius

251 1726 453 1778 aequabili
489 1728 621 1768 forma
663 1729 929 1780 systematica
960 1727 1214 1767 adducimur.
1267 1727 1438 1768 Constat
1468 1728 1576 1769 enim
1610 1727 1768 1768 duabus

251 1792 428 1845 strophis
475 1794 641 1846 paribus
679 1794 882 1834 sententia
923 1795 1113 1833 accurate
1156 1793 1360 1833 distinctis
1404 1807 1439 1833 v.
1486 1796 1682 1835 122—37
1728 1796 1768 1834 et

252 1861 451 1910 138—52‚
480 1871 652 1910 quorum
683 1859 954 1912 respondendi
983 1859 1276 1910 aequalitatem
1298 1861 1544 1911 paroemiaci
1575 1862 1616 1900 et
1646 1873 1767 1912 spon-

248 1925 355 1965 diaci
386 1925 671 1978 antistrophici
700 1927 938 1977 coarguunt.

358 1990 437 2032 Sed
485 1991 594 2043 quod
640 1991 724 2031 fere
775 2001 980 2041 nusquam
1028 2002 1108 2030 11011
1153 1990 1303 2031 accidit
1351 1991 1393 2031 in
1443 1992 1674 2044 anapaestis
1722 1994 1770 2032 ut

247 2057 405 2097 librarii
439 2057 641 2098 rationem
680 2056 1083 2108 antisystematicam
1120 2055 1203 2096 iam
1233 2068 1315 2097 11011
1350 2057 1641 2109 intellegentes
1677 2070 1767 2098 ver-

247 2135 368 2163 suum
396 2123 584 2163 ordinem
615 2122 913 2171 disturbarent,
956 2123 1229 2161 monometros
1265 2134 1346 2162 non
1385 2135 1407 2163 a
1444 2124 1618 2164 dimetro
1651 2135 1767 2176 sepa-

246 2190 385 2229 rarent
405 2189 484 2229 nisi
505 2200 630 2241 parvo
651 2188 883 2236 intervallo,
914 2188 1022 2227 locos
1044 2186 1301 2228 oblitteratos
1322 2188 1540 2229 emendare
1555 2189 1770 2229 studerent

248 2254 552 2306 compositionis
590 2253 881 2306 symmetricae
920 2253 1036 2292 nulla
1066 2252 1226 2293 ratione
1256 2253 1415 2303 habita,
1446 2254 1488 2294 id
1516 2255 1582 2294 hic
1612 2254 1768 2295 factum

252 2332 338 2360 esse
375 2319 530 2360 videbit
575 2320 645 2371 qui
687 2319 804 2370 vitia,
851 2330 955 2370 quae
998 2318 1130 2368 primo
1172 2319 1315 2358 statim
1357 2319 1554 2372 adspectu
1594 2321 1770 2369 elucent,

247 2398 412 2426 mecum
441 2388 681 2438 percenseat
712 2384 820 2437 [sunt
852 2395 887 2422 v,
921 2385 995 2424 125
1027 2382 1201 2434 tripodia
1222 2385 1466 2425 catalectica
1486 2399 1521 2439 p.
1545 2389 1609 2435 57,
1631 2399 1666 2426 v.
1690 2388 1767 2427 136

246 2452 527 2503 paroemiacus
558 2450 639 2491 arsi
668 2450 924 2503 paenultima
955 2449 1088 2488 soluta
1117 2460 1152 2500 p.
1175 2452 1348 2501 57—59‚
1383 2463 1418 2492 V.
1448 2456 1523 2493 144
1545 2465 1639 2493 011111
1660 2451 1761 2504 pede

247 2517 452 2557 trochaico
473 2530 508 2569 p.
532 2520 594 2565 (50,
624 2528 658 2556 V.
694 2517 768 2557 148
792 2527 847 2567 sq.
874 2513 1121 2567 pentapodia
1152 2516 1379 2557 acatalecta
1409 2529 1447 2568 p.
1470 2521 1520 2560 59
1535 2517 1616 2570 sq.].

354 2583 476 2623 Initio
505 2582 646 2622 statim
677 2581 882 2622 medelam
912 2579 1102 2631 flagitant
1132 2592 1165 2620 V.
1198 2583 1273 2622 125
1295 2593 1364 2634 sq.‚
1394 2595 1494 2635 quos
1524 2583 1758 2624 confusione

246 2648 435 2689 laborare
465 2650 564 2688 tunc
594 2647 763 2688 demum
792 2646 946 2698 liquido
970 2645 1118 2698 poterit
1137 2646 1337 2698 intellegi,
1368 2648 1400 2689 si
1423 2649 1660 2701 Euripidem
1683 2650 1757 2689 tri-

244 2714 364 2766 podia
400 2714 646 2755 abstinuisse
676 2712 786 2753 inter
815 2712 1055 2764 anapaestos
1086 2713 1329 2753 tetrasemos
1361 2713 1533 2766 dipodiis
1567 2714 1762 2756 inceden-

245 2780 308 2819 tes
337 2779 654 2832 probaverimus.
