2110 3279
888 228 939 229 j
997 208 1048 244 41)
1107 232 1156 234 —-

270 306 516 357 plectuntur,
538 310 633 348 sunt
651 310 760 349 enim
777 310 886 350 chori
901 310 1279 363 Tro.,v.1251—59:
1337 320 1360 357 5
1398 349 1405 357 .
1437 321 1488 371 4}
1519 320 1585 372 (cf.
1607 321 1784 363 Arnoldt

1305 447 1409 468 xa»

270 471 293 509 1.
325 471 347 511 l.
378 483 414 522 p.
446 473 554 523 276),
582 473 643 512 El.
675 486 709 512 v.
741 476 947 515 oss—97:
978 478 1029 527 δὲ
1050 508 1058 516 .
1080 481 1115 517 4.

377 535 491 586 Quod
522 539 726 589 reliquum
758 542 818 579 est
848 539 1054 581 Troadum
1092 545 1358 587 amoebaeum
1392 550 1598 600 singulare
1636 563 1671 592 V.
1703 555 1780 594 782

269 604 373 643 —98
405 602 582 643 similem
614 605 654 644 in
684 604 852 645 modum
883 617 930 645 ac
958 607 1147 657 parodica
1177 612 1397 654 amoebaea
1426 614 1533 655 Med.
1565 627 1598 656 v,
1633 619 1684 658 96
1697 630 1779 670 sqq.

266 670 306 707 et
336 667 454 719 Hipp.
486 680 519 707 V.
561 673 634 710 176
656 682 753 721 sqq„
786 670 1031 712 adornatum
1063 674 1237 716 videtur:
1288 680 1310 719 8
1334 712 1341 718 .
1364 682 1410 727 93
1441 682 1636 722 nimirum
1673 685 1780 724 anti-

1258 759 1354 799 4÷4

269 835 557 886 systematicae
588 836 859 886 responsionis
891 837 1050 888 legibus
1082 852 1161 879 non
1192 846 1317 893 paret.

307 1153 380 1204 ΙΙ.
418 1153 503 1206 De
540 1153 745 1207 liberis
780 1161 1232 1223 anapaestorum
1271 1176 1420 1228 quae
1456 1166 1742 1217 vocantur

847 1250 1189 1313 systematis.

371 1376 614 1418 Carminum
636 1392 777 1431 genua
801 1394 904 1433 quae
937 1388 1126 1427 constant
1155 1400 1201 1427 ex
1233 1389 1466 1440 anapaestis
1488 1389 1637 1439 liberis,
1667 1390 1774 1442 apud

261 1442 497 1496 Euripidem
528 1445 660 1485 solum
691 1446 881 1499 frequens
912 1454 985 1491 est.
1044 1452 1092 1492 In
1122 1465 1200 1504 quo
1230 1455 1278 1493 ut
1306 1466 1503 1505 magnam
1534 1453 1662 1495 animi
1682 1468 1773 1507 per-

255 1509 530 1550 turbationem
552 1512 797 1563 exprimeret
825 1518 956 1567 poeta,
989 1530 1180 1558 versuum
1210 1519 1332 1559 etiam
1355 1520 1555 1560 rationem
1578 1522 1772 1569 mutavit;

252 1575 431 1625 neglexit
462 1577 571 1616 enim
603 1590 830 1628 caesuram,
863 1582 1031 1624 admisit
1060 1582 1222 1625 hiatum
1253 1587 1293 1625 et
1314 1586 1518 1637 syllabam
1539 1587 1773 1640 ancipitem,

250 1642 551 1692 paroemiacum
583 1646 765 1695 quolibet
795 1648 880 1687 loco
901 1649 1048 1700 posuit,
1072 1653 1119 1690 ut
1141 1651 1266 1691 etiam
1290 1652 1521 1704 complures
1537 1653 1770 1694 huiusmodi

250 1718 388 1747 versus
421 1720 462 1748 se
494 1709 737 1761 exciperent,
768 1714 1074 1765 responsionem
1105 1715 1165 1756 ita
1196 1717 1378 1757 instituit
1409 1730 1473 1757 me
1503 1718 1670 1769 quidem
1706 1719 1770 1759 iu-

248 1772 347 1820 dice,
376 1775 423 1813 ut
453 1786 749 1827 nonnunquam
779 1778 940 1819 ordines
970 1781 1131 1821 metrici
1162 1782 1204 1821 in
1236 1782 1496 1835 responsione
1534 1785 1610 1824 sibi
1648 1797 1769 1837 oppo-

248 1841 446 1879 nerentur
466 1841 579 1881 nulla
602 1843 886 1894 amplitudinis
904 1846 1060 1886 ratione
1082 1847 1242 1893 habita:v
1265 1860 1396 1899 neque
1418 1850 1528 1889 enim
1545 1849 1770 1890 imitandus

247 1906 334 1945 erat
363 1905 515 1957 pedum
546 1910 681 1948 motus
714 1910 944 1960 continuus,
974 1911 1045 1952 sed
1076 1913 1254 1954 cantoris
1285 1913 1446 1954 silentio
1477 1915 1612 1966 aliquo
1641 1915 1769 1957 inter-

248 1972 370 2011 misso
399 1974 563 2024 tempus
592 1976 684 2025 apte
717 1976 867 2027 expleri
896 1979 1056 2028 poterat
1086 1979 1277 2030 planctus
1299 1991 1346 2019 ac
1368 1979 1517 2020 doloris
1540 1982 1768 2023 actionibus

246 2036 429 2077 adhibito
467 2038 663 2079 tibiarum
699 2041 846 2082 sonitu.
906 2043 1013 2084 Fieri
1045 2046 1185 2085 autem
1222 2047 1269 2086 ut
1310 2045 1485 2086 dimeter
1525 2050 1767 2088 monometri

246 2101 353 2143 vices
389 2104 611 2154 obtineret⁷
645 2105 761 2147 docte
797 2120 872 2149 nec
908 2121 988 2149 non
1025 2111 1239 2160 eleganter
1273 2111 1464 2163 probasse
1504 2111 1767 2164 Rudolphum

249 2167 541 2220 Westphalum
572 2183 694 2223 supra
722 2176 1051 2215 commemoravi.

357 2234 492 2286 Atque
523 2236 644 2277 huius
672 2250 829 2290 quoque
861 2240 1148 2292 disputationis
1178 2241 1345 2282 initium
1378 2255 1592 2283 sumamus
1622 2244 1672 2284 ab
1710 2245 1766 2285 eis

244 2301 488 2352 anapaestis⁷
505 2313 677 2353 quorum
692 2316 790 2344 usus
805 2306 895 2345 tum
913 2305 1003 2348 fuit.
1023 2319 1117 2347 cum
1133 2308 1278 2348 chorus
1300 2308 1550 2349 orchestram
1574 2309 1765 2351 intrabat.

687 2491 745 2544 A.
807 2492 1057 2547 Carmina
1095 2494 1326 2547 chorica.

352 2614 493 2655 Primo
514 2617 643 2667 igitur
657 2618 744 2658 loco
762 2617 977 2660 videamus
995 2620 1043 2661 de
1063 2625 1292 2659 Troadum
1311 2622 1474 2674 parodo,
1492 2636 1527 2664 V.
1550 2626 1763 2667 197—229

241 2692 263 2719 a·
294 2682 499 2723 choreutis
529 2683 624 2723 solis
661 2683 850 2726 cantatis
912 2683 988 2735 Qui
1025 2698 1165 2726 versus
1205 2687 1304 2737 quin
1341 2699 1387 2727 ex
1422 2690 1536 2740 parte
1566 2689 1761 2731 Hecubae

242 2758 265 2785 a
295 2749 431 2788 vetere
468 2749 602 2800 aliquo
639 2750 803 2790 librario
840 2762 920 2790 non
958 2753 1066 2792 recte
1105 2753 1188 2792 sint
1239 2752 1394 2793 addicti
1440 2754 1504 2794 vix
1544 2755 1761 2807 quisquam
