2110 3279
894 238 1165 286 443.—

270 357 418 409 partito
448 356 643 408 ingressis
673 357 756 395 tres
787 355 893 395 chori
928 355 1052 395 duces
1082 355 1124 394 111
1155 355 1288 407 capite
1309 357 1416 395 stare
1446 354 1643 401 solebant,
1674 353 1789 393 cuius

270 422 330 464 rei
374 422 657 463 testimonium
694 422 827 462 exstat
864 421 905 460 in
940 420 1034 473 Jph.
1070 421 1112 461 T.
1152 433 1186 459 V.
1226 423 1330 462 1068
1358 432 1426 471 sq..
1465 432 1543 470 quo
1580 418 1793 471 Iphigenia

271 491 492 540 utrumque
534 489 787 540 parastatam
824 499 894 538 per
937 486 1123 527 dextram
1170 489 1210 527 et
1247 487 1520 539 coryphaeum
1557 497 1628 537 per
1668 495 1795 536 genas

272 555 501 595 obtestatur
530 553 592 594 his
614 553 762 593 Verbis:
793 547 909 592 ἀλλὰ
934 547 1050 605 πρός
1080 565 1127 591 σε
1151 550 1310 601 δεξιᾶς,
1341 548 1397 590 Σὲ
1420 547 1493 590 καὶ
1513 544 1792 601 σἰζκνοῦμαι,

262 617 320 663 ,σὲ
351 617 398 660 δὲ
429 616 563 674 φίλης
594 617 817 672 παρηίδος.

386 764 483 805 ¹Jam
513 762 726 803 veniamus
757 760 808 800 ad
834 764 1086 799 Alcestidis
1108 761 1318 812 paredum.
1349 762 1390 800 in
1421 771 1502 811 qua
1533 759 1649 800 liberi
1677 758 1798 811 positi

276 834 373 871 sunt
403 827 617 881 anapaesti
651 827 758 867 inter
797 826 1015 878 legitimos.
1073 826 1196 867 Initio
1234 827 1343 867 enim
1379 826 1581 866 habemus
1618 826 1797 877 systema

278 895 457 936 severius
489 906 526 934 v,
559 895 733 942 77-85,
765 892 986 933 dummodo
1017 894 1295 933 coniecturam
1327 892 1483 931 Monkii
1513 892 1682 931 verbum
1713 884 1794 929 ἐστ)

276 959 493 1001 inserentis
524 962 620 999 ante
654 951 801 1005 οὐδείς
829 958 871 998 111
901 970 937 999 V.
971 962 1021 1000 79
1052 959 1235 1010 recipias.
1293 958 1424 1007 Quam
1460 958 1565 997 inter
1602 957 1800 1009 proodum

278 1029 318 1068 et
348 1025 524 1079 epodum
557 1037 591 1065 v,
628 1026 812 1065 131-35
844 1025 945 1064 haec
976 1024 1217 1076 symmetria
1247 1023 1499 1063 intercedere
1538 1022 1716 1071 videtur,
1757 1023 1801 1061 ut

278 1092 389 1133 idem
420 1092 737 1143 anapaestorum
768 1102 898 1141 genus
928 1090 981 1130 sit
1011 1090 1254 1139 adhibitum,
1284 1089 1391 1141 quod
1422 1101 1467 1129 ex
1498 1101 1542 1129 eo
1572 1088 1619 1128 fit
1644 1088 1800 1141 perspi-

278 1170 413 1207 cuum,
449 1157 555 1209 quod
585 1155 802 1195 incisiones
833 1167 880 1195 ac
910 1155 1033 1208 pedes
1070 1156 1340 1196 severioribus
1379 1155 1540 1206 legibus
1582 1155 1802 1194 constricta

280 1226 473 1265 tenentur
503 1226 544 1263 et
572 1221 679 1273 quod
710 1222 920 1273 anapaesti
950 1221 1142 1262 videntur
1171 1234 1258 1262 esse
1289 1222 1449 1272 generis
1481 1232 1621 1261 eorum
1650 1220 1721 1270 qui
1751 1219 1801 1259 ad

279 1291 472 1330 intrantis
504 1300 700 1340 personae
731 1287 883 1338 gradus
919 1287 1133 1328 sonabant.
1191 1286 1336 1339 Itaque
1374 1287 1520 1327 vitiosa
1556 1285 1803 1338 pentapodia

280 1367 315 1394 v.
342 1357 430 1404 131,
459 1366 585 1405 quam
617 1354 922 1406 anapaesticain
944 1354 987 1393 in
1012 1353 1248 1405 systematis
1270 1353 1542 1405 anapaesticis
1564 1351 1803 1404 Euripidem

282 1421 359 1463 sibi
387 1431 592 1472 nusquam
623 1419 843 1460 indulsisse
876 1421 1037 1459 constat
1052 1420 1097 1470 Ὃ,
1128 1420 1170 1459 et
1200 1419 1479 1470 paroemiacus
1508 1419 1551 1458 in
1586 1430 1705 1458 versu
1740 1430 1803 1457 se-

281 1487 424 1539 quenti
468 1488 556 1535 132,
602 1497 723 1536 (1110111
762 1486 803 1525 111
839 1486 913 1526 1100
959 1484 1127 1536 (1111(10111
1163 1485 1354 1525 orationis
1393 1496 1548 1525 conexu
1585 1483 1803 1523 offensione

282 1552 452 1593 minime
474 1553 691 1592 vacantem
713 1551 794 1591 iam
817 1552 1083 1592 tentaverunt
1105 1550 1247 1599 critici,
1268 1552 1310 1590 111
1333 1550 1529 1590 dimetros
1550 1548 1805 1590 restituenda

284 1618 486 1659 videntur.

392 1684 636 1736 Interposita
678 1688 774 1723 sunt
810 1683 915 1722 'mter
950 1682 1089 1734 proodi
1127 1685 1167 1723 et
1203 1682 1320 1734 epodi
1357 1687 1599 1734 anapaestos
1637 1681 1687 1720 ab
1723 1691 1806 1720 una

284 1762 455 1804 persona
500 1751 692 1790 recitatos
729 1748 806 1789 duo
844 1749 1103 1801 stropharum
1139 1749 1265 1801 paria,
1300 1760 1474 1799 quarum
1509 1748 1686 1799 primam
1726 1758 1806 1794 ses,

283 1817 460 1857 alteram
490 1817 648 1868 septem
678 1815 930 1866 anapaestici
957 1814 1167 1854 amoebaei
1197 1814 1405 1854 liberiores
1442 1813 1658 1865 excipiunt.

394 1881 510 1922 Haec
552 1882 688 1922 omnia
724 1884 811 1921 tam
841 1881 923 1920 late
954 1881 1282 1926 commemoravi,
1318 1879 1424 1931 quod
1460 1878 1612 1918 mirum
1649 1877 1697 1917 de
1734 1877 1807 1916 hoc

288 1950 374 1989 1000
395 1948 565 2001 protulit
584 1947 781 1987 iudicium
798 1945 1076 1997 Westphalus‚
1097 1945 1167 1996 qui
1186 1946 1292 1985 hanc
1307 1944 1480 1985 formam
1494 1943 1633 1996 pai-odi
1646 1948 1807 1983 nostrae

286 2010 397 2052 κατὰ
424 2009 675 2068 περικοπὴν
698 2004 1000 2064 ἀνομοιομερῆ
1035 2012 1076 2051 et
1106 2011 1356 2051 niesodicam
1394 2009 1593 2061 depingit:

419 2079 467 2120 fr.
488 2078 596 2131 Hyp.
655 2092 681 2116 α
740 2077 786 2117 fr.
814 2077 920 2129 Hyp.
987 2090 1012 2114 α
1071 2076 1118 2116 fr.
1146 2076 1252 2129 Hyp.
1312 2077 1340 2126 β
1398 2076 1426 2125 β
1482 2075 1528 2114 fr.
1550 2075 1657 2126 Hyp.

488 2129 1569 2214 &Q

285 2247 403 2297 Quod
422 2258 660 2300 perversum
687 2246 960 2298 responsionis
992 2257 1132 2296 genus,
1154 2244 1197 2284 in
1219 2255 1297 2295 quo
1318 2245 1416 2294 quot
1436 2241 1621 2281 versibus
1652 2241 1809 2280 constet

287 2315 468 2365 systema
491 2313 551 2352 nil
580 2312 717 2362 refert,
747 2323 871 2363 supra
904 2309 1152 2363 exprobravi.
1201 2308 1375 2349 Accedit
1395 2308 1469 2347 1100
1490 2307 1576 2347 1000
1596 2306 1703 2358 quod
1729 2318 1810 2346 non

291 2378 410 2419 modo
441 2380 762 2431 anapaestorum
794 2376 955 2417 ordines
986 2378 1083 2416 sunt
1113 2376 1264 2416 diversi
1293 2374 1363 2415 sed
1394 2375 1520 2414 etiam
1549 2373 1662 2412 ratio.

398 2443 536 2496 Atque
566 2443 818 2496 anapaestici
849 2442 1070 2489 amoebaei‚
1101 2442 1170 2494 qui
1201 2442 1307 2481 inter
1337 2439 1523 2491 strophas
1560 2439 1657 2478 sunt
1690 2436 1811 2489 positi

290 2510 453 2562 lyricas,
479 2523 559 2551 non
587 2509 834 2562 respondent
864 2511 1029 2548 tantum
1059 2508 1167 2548 inter
1197 2519 1237 2547 se
1268 2505 1493 2545 maximam
1524 2505 1699 2556 partem,
1739 2501 1810 2542 sed

424 2685 458 2729 ⁴³)
482 2684 540 2719 En
565 2684 734 2729 exempla.
758 2682 880 2718 omnia
907 2681 1046 2715 dudum
1072 2680 1283 2716 emendata:
1316 2679 1393 2713 Alc.
1420 2681 1495 2712 861.
1530 2679 1594 2711 862
1620 2675 1678 2720 (cf.
1705 2687 1737 2720 p.
1764 2678 1805 2709 38

293 2740 405 2785 adn).
454 2740 541 2775 Hee.
569 2744 642 2776 186.
672 2740 730 2774 Tr.
759 2742 821 2774 148
837 2750 891 2782 sq.
917 2737 976 2783 (cf.
1000 2749 1034 2782 p.
1061 2740 1102 2771 59
1117 2738 1194 2779 sq.).
1229 2739 1300 2770 159.
1330 2738 1402 2769 161.
1432 2736 1492 2767 173
1520 2731 1578 2775 (cf.
1605 2744 1638 2776 p.
1664 2735 1706 2765 45
1725 2730 1804 2775 sq.).

293 2796 324 2831 J.
350 2796 389 2833 T.
417 2800 491 2833 150.
520 2799 584 2831 226
617 2796 676 2842 (cf.
702 2809 736 2840 p.
765 2797 830 2839 53).
873 2793 980 2828 Rhes.
1009 2796 1047 2826 17
1074 2791 1132 2835 (cf.
1158 2804 1193 2836 p.
1220 2795 1260 2825 35
1286 2789 1396 2833 adm).
