2110 3279
920 231 1188 269 —64—

301 343 483 384 eiusdem
505 341 676 392 generis.
726 337 842 379 Idem
874 338 950 377 hoc
979 337 1096 377 vetus
1118 335 1264 387 aliquis
1286 335 1481 375 metricus
1501 336 1714 384 intellexit,
1743 336 1812 387 qui

299 408 433 449 versui
455 409 533 448 886
564 399 748 459 στροφή,
779 416 813 443 v,
837 403 977 443 autem
999 403 1078 442 898
1111 394 1378 453 ἀναστροφή
1411 400 1636 452 adscripsit.
1686 400 1743 441 At
1771 401 1813 441 id

299 473 406 525 quod
436 473 511 512 viri
533 472 640 512 docti
670 468 896 510 rectissime
919 466 1074 506 dudum
1093 467 1396 518 perspexerunt,
1425 466 1495 516 qui
1516 466 1814 506 sententiarum

300 538 536 579 contextum
568 536 779 576 continuat
808 544 844 572 V.
868 534 947 573 886
978 531 1143 571 initium
1176 531 1438 583 stropharum
1469 530 1629 571 efficere
1659 531 1812 582 nequit.

301 604 408 644 Nam
446 603 609 644 etiamsi
644 600 809 652 stropha
847 609 941 638 cum
978 596 1235 648 antistropha
1265 596 1329 636 vel
1360 595 1484 648 epodo
1515 597 1815 637 sententiarum

301 682 454 710 conexu
484 677 781 717 nonnunquam
817 663 882 703 vel
918 663 961 702 in
997 661 1179 702 stasimis
1215 663 1302 702 arte
1340 659 1590 712 cohaeret,*)
1627 661 1815 714 strophae

301 735 464 775 initium
496 732 604 785 apud
632 729 872 782 Euripidem
903 739 1063 780 semper
1103 740 1126 768 a
1161 739 1264 767 novo
1299 726 1444 779 incipit
1481 727 1705 767 enuntiato.

412 799 504 839 Veri
536 797 665 848 igitur
704 796 766 835 est
803 793 1027 834 admodum
1057 793 1189 833 simile
1220 806 1254 833 v.
1286 795 1364 835 889
1397 795 1437 834 et
1467 795 1546 834 890
1575 792 1692 833 sedes
1722 803 1817 832 suas

300 865 476 906 invicem
497 864 763 915 permutasse,
785 859 892 912 quod
913 858 1095 899 versibus
1117 858 1160 898 in
1179 859 1289 900 hunc
1310 859 1494 900 ordinem
1515 857 1692 898 redactis
1712 858 1818 898 stro-

300 932 382 984 pha
400 933 525 972 887-
538 931 618 970 896
633 929 673 968 et
687 925 942 977 antistropha
957 926 1173 966 897-906
1191 927 1406 966 accuratae
1427 923 1697 977 responsionis
1719 934 1818 964 ana-

301 995 505 1049 paesticae
536 993 694 1045 legibus
724 993 880 1046 parent.
931 989 1017 1030 Nec
1049 989 1196 1030 desunt
1226 992 1371 1038 metra,
1404 1002 1508 1042 quae
1538 990 1699 1042 praeter
1729 989 1820 1029 illos

303 1074 444 1102 versus
482 1060 707 1100 trochaicos
744 1056 932 1097 indicant
975 1055 1280 1107 responsionem
1317 1068 1341 1096 a
1375 1057 1495 1108 poeta
1530 1055 1684 1096 factam
1721 1066 1819 1095 esse.

302 1127 367 1167 Ab
397 1125 514 1166 initio
545 1125 655 1165 enim
681 1123 942 1175 stropharum
963 1133 1092 1172 usque
1115 1120 1166 1161 ad
1189 1122 1350 1161 sextum
1372 1133 1535 1161 versum
1556 1133 1697 1161 omnes
1720 1131 1819 1160 ana-

304 1192 476 1245 paestici
514 1191 610 1231 sunt
649 1187 898 1234 catalectici;
937 1187 1058 1226 hosce
1089 1188 1229 1226 autem
1259 1185 1468 1238 excipiunt
1497 1186 1650 1237 singuli
1681 1187 1820 1226 acata-

303 1258 400 1298 lecti
431 1259 509 1299 894
538 1276 593 1289 τ-
623 1258 721 1297 902:

666 1348 859 1405 κραυγὰν
890 1342 925 1389 ὦ
953 1345 1092 1401 μᾶτέρ
1125 1343 1166 1401 μ’
1200 1343 1407 1389 αὐδῶσαν
1432 1370 1488 1383 z

665 1418 847 1465 πτανοῖς
878 1412 1125 1467 ἁρπασθεὶς
1155 1411 1292 1455 θοίνα
1323 1416 1441 1463 παῖς.

309 1521 512 1561 Secuntur
532 1519 574 1559 in
595 1519 760 1571 stropha
781 1517 1010 1558 dochmius:
1036 1512 1142 1562 θεὸς
1163 1510 1398 1566 ὁμευνέτας
1418 1515 1483 1566 (cf.
1499 1527 1535 1568 p.
1553 1516 1633 1567 50),
1651 1514 1826 1567 tripodi-a,

310 1586 587 1638 anapaestica:
619 1577 718 1636 ἆγες
749 1577 957 1635 ἀναιδείᾳ
987 1581 1168 1632 aequalis
1199 1582 1256 1622 eis
1285 1593 1386 1633 quas
1412 1581 1588 1632 legimus
1608 1594 1644 1621 V.
1660 1584 1735 1622 147
1748 1593 1825 1632 sq.:

867 1672 922 1719 ἂν
954 1674 1249 1729 ἀποχεύονται

868 1740 1126 1793 Κασταλίας
1156 1744 1286 1794 δῖναι,

306 1849 481 1902 tripodia
496 1848 774 1900 anapaestica:
798 1842 994 1896 Κύπριδι
1013 1838 1142 1896 χάριν
1161 1839 1386 1897 πράσσων,
1413 1845 1521 1885 sicut
1541 1846 1603 1885 est
1617 1857 1653 1885 V.
1670 1846 1745 1885 149
1756 1856 1827 1895 sq.:

946 1941 955 1953 Χ
1022 1939 1043 1954 (Ι
1176 1946 1179 1949 ⁴
1212 1937 1221 1953 Ι

814 1957 988 1996 νοτερον
1019 1942 1136 1994 τόωρ
1162 1941 1353 1995 (mmm,

811 2007 935 2058 ὅσιος
965 2004 1042 2049 ἀπ’
1078 2003 1205 2057 εὐνᾶς
1236 2004 1307 2050 ὤν.

307 2113 357 2155 In
397 2113 652 2165 antistropha
690 2111 948 2152 circumdant
984 2109 1207 2162 tripodiam
1245 2109 1430 2150 eiusdem
1466 2108 1627 2160 generis
1664 2121 1700 2150 V.
1730 2110 1829 2149 905:

309 2177 359 2220 σὺ
408 2176 455 2218 ὁὲ-
500 2175 670 2231 κιθάρα
712 2171 889 2226 κλάζεις
940 2175 1018 2215 duo
1066 2186 1205 2215 versus
1244 2174 1469 2227 spondiaci:
1512 2187 1592 2226 μοι
1635 2170 1708 2213 καὶ
1751 2184 1830 2220 σος

309 2241 484 2297 τλάμων
513 2245 579 2285 vel
607 2244 742 2297 potius
772 2256 853 2294 μοι
885 2238 958 2281 καὶ
979 2238 1051 2280 σοὶ
1069 2234 1249 2290 τλάμων
1271 2239 1337 2292 (cf.
1362 2239 1509 2280 Christ.
1532 2238 1651 2280 Mtr.2
1674 2255 1710 2293 p.
1732 2239 1829 2290 272)

311 2314 352 2354 et
381 2310 577 2357 παιᾶνας
604 2306 803 2360 μέλπων,
838 2320 1012 2360 quorum
1041 2307 1221 2359 primum
1253 2317 1339 2346 esse
1370 2305 1619 2354 dochniium‚
1651 2307 1830 2347 alterum

310 2377 529 2430 tripodiam
560 2375 867 2428 anapaesticam
898 2374 1047 2414 docent
1075 2384 1215 2413 versus
1245 2371 1539 2423 antistrophici.

422 2442 500 2492 Qui
544 2442 737 2481 secuntur
780 2453 814 2480 v,
854 2442 1060 2482 907-15
1106 2438 1141 2478 si
1179 2439 1288 2478 recte
1332 2438 1467 2478 essent
1509 2436 1713 2490 discripti,
1749 2448 1831 2476 non

313 2509 519 2549 videretur
552 2507 722 2547 dubium
753 2518 833 2558 qua
863 2506 952 2546 arte
983 2506 1120 2546 essent
1149 2503 1374 2556 compositi.
1425 2503 1618 2554 Legimus
1649 2503 1759 2543 enim
1789 2502 1831 2542 in

315 2575 428 2616 libris
457 2572 751 2626 pentapodiam
781 2572 969 2612 anacrusi
999 2569 1176 2624 praefixa
1205 2581 1240 2610 v.
1262 2571 1341 2611 908
1361 2581 1437 2620 sq.:
1477 2561 1525 2616 ὃς
1555 2563 1708 2623 ὀμφὰν
1729 2565 1830 2621 κλη-

314 2640 408 2692 ροῖς
436 2635 552 2690 πρὸς
579 2634 785 2690 χρτσέους
813 2632 997 2688 θάκους,
1027 2648 1151 2688 quam
1182 2635 1279 2676 ferri
1308 2647 1389 2675 non
1417 2647 1533 2687 posse
1562 2635 1670 2675 inter
1689 2645 1830 2674 omnes

430 2792 460 2836 *)
475 2791 518 2826 cf.
540 2790 729 2825 Barthold.
757 2789 850 2824 Krit.
869 2789 993 2833 Bespr.
1013 2788 1155 2831 einiger
1171 2787 1309 2822 Stellen
1325 2797 1388 2820 aus
1402 2786 1485 2821 Eur.
1503 2798 1537 2822 u.
1555 2797 1580 2820 s.
1595 2784 1714 2820 Schol.
1731 2796 1764 2830 p.
1781 2787 1831 2819 12.
