2110 3279
814 279 857 282 n-
930 258 1085 296 13—

305 363 432 406 Cuius
463 365 617 405 mesodi
645 365 797 417 primos
830 377 966 405 versus
996 366 1106 405 haud
1138 366 1218 406 scio
1249 378 1300 406 an
1321 365 1587 407 Hermannus
1617 367 1705 407 11110

193 429 428 480 retinuerit,
457 442 552 471 cum
581 431 717 470 sensui
748 432 993 472 conveniant
1021 432 1214 484 perbene;
1253 432 1492 473 adhortatae
1523 433 1631 473 enim
1662 445 1704 472 se

190 497 302 549 ipsae
331 497 484 537 matres
513 497 560 536 ut
588 496 813 548 procedant
842 497 1092 550 supplicatu,
1128 498 1189 538 his
1219 498 1351 538 verbis
1381 511 1416 538 v.
1449 501 1528 539 275
1548 510 1602 550 sq.
1634 498 1704 539 de-

191 561 396 603 scendunt
426 562 475 602 de
503 573 595 602 arae
626 562 838 613 gradibus,
870 565 916 603 ut
946 563 1165 615 implorent
1189 563 1406 605 Theseum.
1467 564 1571 606 Vide
1602 564 1704 604 mihi

120 668 124 671 ,
192 640 318 680 quam
359 629 454 680 apta
490 629 543 668 sit
586 629 673 668 seni
716 628 981 668 descendenti
1025 630 1169 669 horum
1208 629 1468 682 potissimum
1511 642 1702 671 versuum

188 694 416 747 trepidatio.

301 758 388 800 Nec
431 760 562 799 metro
608 762 850 811 repugnant.
926 760 1156 812 Proscripto
1200 761 1311 801 enim
1363 761 1505 802 vitioso
1538 758 1703 811 κρίνετε

189 826 309 866 verbo
339 836 528 878 perverso
559 836 606 864 ac
636 837 934 877 supervacaneo
962 826 1138 877 legimus
1159 826 1430 878 tetrapodiam
1454 828 1703 868 trochaicam

192 891 274 932 fere
296 891 473 931 solutam
496 891 535 930 et
556 891 845 943 pentapodiam
864 891 1084 932 iambicam
1097 892 1495 944 proanaphonemate
1510 893 1703 946 praefixo:

659 973 711 1017 ἰώ
742 992 842 1029 μοι·

661 1040 831 1096 λάβετε,
862 1042 1029 1099 φέρετε,
1058 1042 1257 1096 πέμπετε

662 1106 874 1158 ταλαίνας
899 1108 1029 1162 χέρας
1059 1107 1294 1163 γεραιάςῆῒ.

298 1198 452 1239 Eodem
497 1198 614 1239 modo
654 1200 834 1240 trochaei
874 1201 937 1240 vel
976 1201 1103 1240 iambi
1146 1203 1189 1240 in
1233 1202 1456 1252 systemate
1498 1202 1701 1253 dactylico

187 1265 366 1317 proodici
396 1266 481 1305 loco
511 1266 717 1316 ponuntur
745 1266 788 1305 in
815 1265 964 1306 Phoen.
995 1279 1028 1306 V.
1055 1269 1156 1307 1567
1174 1279 1230 1318 sq.
1264 1266 1488 1318 hexapodia
1519 1270 1559 1307 et
1588 1269 1699 1308 octa-

186 1330 307 1383 podia
337 1330 554 1380 trochaica,
584 1343 619 1370 v.
656 1335 758 1372 1560
789 1344 845 1383 sq.
877 1331 1127 1384 tetrapodiae
1157 1332 1365 1372 iambicae.

304 1395 418 1447 Quae
449 1408 544 1436 cum
581 1398 639 1437 ita
669 1397 762 1446 sint,
792 1410 868 1438 nec
898 1398 1020 1438 verba
1050 1410 1125 1438 nec
1154 1399 1335 1438 metrum
1364 1399 1496 1438 ullum
1526 1398 1701 1439 iniciunt

186 1463 439 1515 scrupulum.
490 1462 644 1503 Verum
665 1465 806 1504 tamen
826 1463 997 1504 subinde
1018 1465 1152 1516 potest
1180 1463 1357 1503 dubitari
1395 1465 1530 1504 sintne
1559 1472 1698 1505 versus

185 1528 247 1569 1111
284 1541 331 1569 ex
368 1528 563 1569 Hecubae
606 1542 639 1570 v,
677 1532 727 1570 63
759 1542 817 1581 sq.
860 1529 939 1569 11110
969 1529 1075 1569 illati
1119 1542 1171 1569 an
1207 1530 1257 1569 ab
1296 1528 1489 1582 Euripide
1526 1530 1610 1582 ipso
1641 1531 1698 1570 sic

186 1594 345 1635 variati.
400 1593 480 1635 Sed
509 1596 577 1646 qui
609 1595 854 1635 exercitatus
886 1596 946 1635 est
976 1595 1017 1634 111
1037 1595 1147 1635 111300
1169 1596 1289 1635 rebus
1317 1596 1592 1636 discernendis
1614 1596 1695 1636 dis-

187 1661 369 1713 ceptabit
404 1660 542 1709 facile,
590 1674 682 1701 011111
719 1660 959 1713 praesertim
1004 1662 1144 1701 notum
1188 1662 1241 1700 sit
1272 1661 1508 1713 Euripidem
1551 1661 1698 1701 similia

189 1728 350 1780 saepius
378 1740 538 1780 ponere.

295 1793 462 1845 Dactyli
497 1793 565 1845 qui
595 1794 790 1833 secuntur
827 1793 1050 1833 decurrunt
1083 1805 1163 1833 uno
1200 1793 1351 1845 pedum
1388 1805 1534 1843 genere
1574 1804 1701 1844 usque

188 1859 240 1899 ad
277 1859 530 1912 tetrapodiae
567 1859 831 1899 catalecticae
868 1858 995 1898 finem
1022 1871 1056 1899 V.
1091 1862 1186 1908 280,
1228 1870 1331 1910 quae
1369 1858 1601 1898 volubilitas
1629 1870 1700 1898 nos

186 1936 316 1977 paene
361 1924 552 1966 exaudire
583 1924 682 1964 facit
711 1924 884 1964 feminas
916 1924 1056 1964 anxias
1086 1936 1132 1964 ac
1162 1926 1396 1964 trementes.
1455 1922 1533 1973 Qui
1562 1936 1702 1964 versus

190 1991 392 2043 quomodo
422 1991 505 2031 31111
535 1990 814 2041 distinguendi
844 1989 1027 2029 nondum
1058 1991 1229 2030 constat.
1288 1990 1390 2029 Mihi
1420 1989 1585 2040 quidem
1606 2001 1700 2029 con-

188 2056 461 2097 venientiores
481 2055 674 2096 videntur
699 2055 961 2107 trepidationi
982 2056 1094 2107 parvi
1115 2056 1286 2103 ordines,
1308 2054 1492 2107 dipodiac
1515 2056 1555 2096 et
1575 2056 1701 2095 tetra-

188 2122 350 2175 podiae,
386 2124 433 2163 ut
468 2123 511 2162 in
547 2121 814 2162 Phaethontis
851 2120 1081 2172 fragmento
1119 2133 1242 2173 supra
1276 2121 1442 2161 laudato
1481 2122 1557 2171 (no.
1595 2122 1701 2171 775).

300 2186 379 2238 Qui
411 2187 624 2229 mesodum
661 2186 820 2228 claudit
854 2188 1092 2228 hexameter
1126 2189 1325 2228 tanduam
1355 2186 1575 2226 transitum
1606 2185 1704 2226 facit

192 2254 243 2294 ad
289 2254 608 2307 antistropham,
653 2253 723 2293 ubi
765 2253 980 2294 choreutae
1015 2253 1296 2305 tranquilliore
1333 2252 1524 2292 locuntur
1559 2253 1700 2292 metro.

192 2308 253 2360 Ac
282 2322 502 2372 postquam
531 2320 854 2372 imploraverunt
874 2320 915 2359 in
936 2319 1100 2360 mesodo
1123 2320 1273 2359 matres
1295 2318 1509 2366 Theseum,
1539 2320 1586 2357 ut
1609 2330 1702 2358 eum

191 2385 369 2426 filiorum
398 2385 620 2435 misereret,
656 2386 699 2425 in
735 2385 989 2437 antistropha
1024 2385 1169 2426 statim
1205 2385 1473 2437 pronuntiant
1507 2384 1702 2434 quidnam

193 2450 363 2504 adipisci
392 2451 520 2491 velint
548 2451 756 2504 precibus:
786 2451 860 2491 filii
890 2454 937 2491 ut
966 2451 1218 2504 sepeliantur
1248 2450 1313 2501 (cf.
1347 2444 1542 2502 ἀῑάφοις
1567 2461 1601 2489 v.
1623 2451 1702 2490 282

194 2518 235 2558 et
262 2512 407 2569 τάφον
436 2529 470 2558 V.
501 2519 608 2569 285).

304 2582 402 2624 Jam
429 2584 565 2623 omnia
593 2584 744 2636 optime
774 2583 999 2636 procedunt
1026 2582 1107 2622 nisi
1137 2582 1257 2622 fallor
1293 2581 1334 2621 et
1363 2580 1561 2620 habemus
1592 2589 1702 2618 coni-

195 2649 437 2702 positionem
468 2649 715 2690 inesodicam
746 2650 916 2690 minime
945 2660 1140 2699 severam,
1170 2659 1265 2687 011111
1292 2644 1536 2698 respondeat
1559 2644 1704 2695 quater

287 2757 319 2801 “”>
345 2757 514 2792 Ceterum
539 2757 611 2792 noli
638 2757 896 2802 NVestphalurn
919 2759 1063 2791 secutus
1086 2758 1283 2798 utrumque
1303 2765 1444 2788 versum
1460 2762 1523 2796 pro
1542 2750 1700 2785 iambico

196 2812 332 2847 habere
356 2812 414 2857 (cf.
441 2825 476 2857 p.
502 2816 542 2847 52
563 2814 640 2856 sq).
