2144 3279
676 884 923 957 Versus
976 881 1299 974 dactylici.

234 1097 279 1149 Ι.
352 1096 434 1149 De
466 1095 846 1160 systematum
883 1092 1307 1158 (lactylicorum
1345 1092 1742 1157 responsione.

669 1280 727 1331 A.
791 1278 1039 1331 Carmina
1076 1278 1307 1330 chorica.

343 1484 459 1525 Nihil
489 1485 653 1524 omnino
684 1483 955 1524 admiratione
993 1484 1133 1521 nostra
1163 1482 1296 1532 magis
1327 1483 1390 1522 est
1419 1481 1589 1533 dignum
1621 1493 1745 1532 quam

234 1552 340 1592 mira
381 1551 454 1591 illa
496 1551 539 1590 in
581 1549 869 1602 componendis
919 1548 1102 1588 versibus
1139 1548 1392 1588 concinnitas
1431 1549 1471 1588 et
1507 1547 1747 1598 aequalitas,

232 1630 314 1669 qua
353 1616 610 1657 audientium
656 1628 775 1656 aures
816 1626 1072 1655 summorum
1113 1615 1325 1665 poetarum
1368 1612 1616 1654 Graecorum
1655 1624 1745 1652 car-

235 1684 347 1724 mina
390 1681 698 1723 delectaverint.
769 1680 965 1731 Quamvis
1009 1680 1185 1720 maxime
1223 1680 1334 1719 varia
1370 1680 1453 1720 sint
1491 1680 1747 1730 argumenta,

233 1761 336 1801 quae
390 1747 662 1801 respondendi
718 1747 1008 1798 aequabilitate
1059 1745 1348 1786 adornaverint
1396 1748 1537 1797 poetae
1586 1744 1747 1796 tragici,

235 1815 380 1856 eadem
411 1815 520 1855 enim
551 1814 816 1865 symmetrica
846 1813 1001 1852 ratione
1031 1812 1073 1851 in
1104 1810 1306 1852 sedatiore
1337 1812 1516 1852 oratione
1546 1811 1595 1852 de
1625 1811 1748 1851 rebus

235 1881 428 1921 locuntur
460 1880 762 1932 philosophicis,
792 1891 872 1930 qua
902 1877 1132 1929 depingunt
1161 1889 1370 1917 summam
1400 1878 1632 1917 animorum
1662 1878 1748 1917 tre-

235 1946 486 1998 pidationem
523 1957 570 1986 ac
604 1945 972 1997 perturbationem,
1017 1943 1120 1983 nihil
1157 1945 1299 1983 tamen
1336 1943 1379 1983 in
1419 1955 1497 1995 quo
1534 1943 1750 1984 excelleret

238 2011 538 2064 compositionis
569 2010 837 2062 aequabilitas
868 2010 1000 2060 magis
1028 2009 1222 2050 idoneum
1252 2008 1469 2049 videbatur
1498 2008 1750 2049 carminibus

238 2078 359 2125 chori,
394 2077 464 2128 qui
502 2076 767 2128 antistrophis
806 2087 930 2127 quam
972 2075 1147 2115 maxime
1184 2075 1335 2116 studet.
1389 2074 1469 2116 Sed
1499 2074 1609 2115 unde
1643 2074 1750 2114 hoc?

238 2142 354 2193 Quod
383 2142 660 2194 antistrophae
690 2143 831 2194 utpote
862 2141 1126 2193 simpliciores
1158 2142 1197 2181 et
1227 2141 1469 2193 placidiores
1490 2153 1615 2192 quam
1637 2133 1751 2179 ἀπο-

240 2205 453 2258 λελυμένα
491 2209 611 2249 choro
647 2207 778 2259 magis
815 2206 1073 2255 conveniunt,
1104 2207 1174 2258 qui
1201 2207 1382 2259 partium
1412 2207 1547 2247 studio
1576 2219 1657 2247 non
1687 2206 1751 2246 in-

239 2274 476 2315 fiammatus
507 2286 647 2326 expers
678 2275 740 2314 est
768 2273 916 2323 tragici
945 2273 1194 2321 certaminiS,
1223 2275 1270 2313 ut
1300 2285 1347 2313 ex
1375 2273 1597 2313 Aristotele
1626 2273 1753 2325 patet,

241 2341 311 2392 qui
340 2340 491 2393 apertis
520 2340 654 2381 verbis
683 2341 863 2380 testatur
892 2339 1001 2379 chori
1030 2339 1214 2378 carmina
1245 2350 1331 2379 esse
1362 2339 1667 2391 antistrophica.

349 2405 495 2458 Itaque
530 2418 654 2457 quem
694 2405 746 2445 ad
781 2405 967 2445 ordinem
1014 2405 1197 2444 carmina
1239 2405 1310 2445 illa
1346 2404 1430 2445 sint
1464 2404 1689 2456 composita
1719 2404 1754 2444 si

241 2471 333 2524 quis
363 2471 649 2512 diiudicaverit
677 2471 793 2527 nulla
823 2470 871 2511 de
903 2470 1208 2523 antistrophicis
1235 2471 1421 2523 opinione
1447 2470 1756 2523 praeoccupata,

243 2539 280 2579 ei
315 2537 486 2578 dubium
525 2549 611 2578 esse
647 2537 852 2588 nequierit
891 2537 990 2588 quin
1029 2537 1189 2577 chorica
1232 2537 1315 2577 sint
1356 2537 1554 2577 adstricta
1592 2535 1754 2586 legibus

243 2603 508 2645 antitheticis.
557 2603 619 2644 Ac
648 2616 692 2644 re
722 2615 817 2644 vera
845 2602 1011 2655 quidem
1041 2615 1181 2643 omnes
1207 2604 1328 2655 paulo
1355 2602 1570 2655 ampliores
1590 2600 1754 2641 fabulae

243 2671 378 2723 partes
409 2680 432 2708 a
462 2668 581 2708 choro
620 2670 811 2709 cantatae
847 2668 1165 2721 antistrophicae
1201 2669 1327 2710 fuisse
1358 2669 1548 2709 videntur
1579 2667 1756 2719 exceptis

244 2747 348 2788 quae
389 2735 433 2775 in
474 2734 624 2787 parodo
666 2735 863 2776 recitatae
900 2734 1102 2775 continuis
1136 2734 1308 2787 pedibus
1347 2733 1568 2775 decurrunt
1608 2730 1675 2783 (τὰ
1711 2728 1761 2782 ἐξ

247 2795 442 2852 ὁμοίων),
473 2801 522 2842 de
552 2801 698 2853 quibus
726 2801 937 2842 verissime
968 2801 1123 2842 iudicat
1151 2801 1400 2854 Hephaestio
1429 2814 1465 2854 p.
1486 2804 1533 2841 71
1567 2798 1759 2851 Westph

314 2871 457 2900 mehler,
478 2871 515 2896 de
536 2872 746 2902 responsione
767 2873 949 2903 Euripidea.
1527 2869 1536 2898 l
