2110 3279
903 262 1132 300 -34μ

281 384 420 413 versus
457 373 497 411 et
533 372 726 422 quattuor
756 368 943 416 Medeae,
984 369 1077 407 ante
1114 368 1410 419 antistropham
1447 370 1585 407 autem
1616 369 1791 420 legimus

282 440 369 478 octo
400 436 571 478 Medeae
601 447 751 483 versus,
783 446 881 486 quos
913 434 1091 484 quinque
1128 433 1300 472 nutricis
1331 433 1553 484 excipiunt3
1595 446 1790 486 personae

282 504 408 555 igitur
444 504 601 543 inverso
645 500 784 540 ordine
819 500 1062 550 repetuntur
1103 501 1144 538 et
1183 497 1354 538 nutricis
1396 499 1560 538 tantum
1601 512 1791 541 versuum

283 581 478 609 numerus
508 567 630 613 idem,
662 565 767 617 quod
790 577 834 605 eo
856 564 1033 612 consilio,
1063 566 1110 605 ut
1130 563 1422 616 responderent
1442 576 1594 615 versus,
1623 578 1646 605 a
1674 569 1793 618 poeta

282 637 341 675 ita
371 646 458 674 esse
489 632 643 672 factum
668 630 856 682 equidem
879 629 1102 670 abnuerim.
1155 629 1334 670 Facilius
1360 630 1450 681 quis
1471 629 1649 681 cogitare
1668 633 1794 683 possit

284 701 332 740 de
364 699 622 751 responsione
647 709 669 736 a
695 699 814 749 poeta
842 697 1033 736 instituta
1061 697 1167 736 inter
1195 707 1229 736 V.
1260 699 1474 737 111—114
1497 697 1537 736 et
1568 699 1793 745 144—147‚

285 766 431 817 quibus
461 763 569 803 idem
600 763 956 815 proanaphonema
984 762 1036 801 sit
1065 761 1349 813 praemissum.
1404 760 1483 802 Sed
1514 762 1615 802 haec
1645 774 1793 814 parvu—

285 833 419 871 larum
448 831 627 882 partium
658 828 761 868 ratio
784 827 1140 879 antisystematica
1160 828 1201 867 in
1222 827 1396 879 periodis
1426 828 1622 879 legitimis
1653 828 1794 880 singu-

284 896 381 936 laris
423 897 496 936 est.
556 894 664 934 Nam
703 894 752 934 de
791 906 872 945 qua
913 893 1120 944 cogitabat
1162 892 1382 946 Stippelius
1422 893 1520 946 (Zur
1557 895 1795 947 antistroph.

284 961 533 1014 Rcsponsion
564 960 599 1001 d.
632 972 749 1013 anap.
781 959 976 1012 Hyperm.
1006 959 1071 999 bei
1101 958 1218 1011 Soph.
1247 971 1284 998 u.
1315 959 1409 999 Eur.
1435 972 1470 1011 p.
1493 960 1561 1011 26)
1591 961 1797 1013 responsio

283 1029 391 1068 inter
425 1027 546 1079 Hipp.
582 1039 617 1066 v.
660 1028 872 1067 iss—202
911 1026 950 1065 et
986 1027 1166 1065 203—7:
1197 1029 1219 1066 5
1245 1045 1299 1057 =
1320 1027 1372 1077 4}
1402 1026 1464 1065 vel
1495 1038 1539 1066 eo
1582 1025 1795 1073 refutatur,

285 1093 392 1145 quod
422 1105 552 1133 unum
576 1093 887 1145 hypermetrum
915 1090 1098 1131 efficiunt
1118 1102 1275 1137 versus:
1305 1092 1501 1131 nimirum
1523 1093 1794 1132 acatalectum

287 1162 349 1200 est
376 1158 586 1199 Phaedrae
617 1170 789 1207 comma,
820 1158 1108 1198 catalecticum
1138 1155 1370 1209 nutricisss).

395 1224 506 1274 Quae
528 1236 622 1264 cum
644 1224 702 1264 ita
723 1225 815 1271 sint,
836 1223 880 1263 in
901 1222 1132 1275 anapaestis
1148 1220 1347 1273 legitimis
1362 1222 1615 1263 commaticis
1634 1223 1796 1275 Euripi-

287 1292 356 1332 des
385 1291 546 1331 nullam
577 1289 789 1330 affectasse
816 1289 978 1329 videtur
999 1288 1302 1340 responsionem
1325 1289 1736 1341 antisystematicam,
1757 1287 1798 1327 id

286 1357 392 1409 quod
424 1369 518 1397 011111
549 1356 864 1396 amoebaeorum
893 1354 1029 1395 indole
1061 1355 1244 1406 apprime
1275 1356 1472 1395 convenit.

397 1424 568 1463 Diversa
612 1424 673 1462 est
710 1422 813 1461 ratio
857 1422 943 1462 eius
980 1422 1048 1472 qui
1084 1421 1238 1459 Rhesi⁴
1261 1420 1460 1473 parodum
1500 1420 1725 1472 composuit
1765 1432 1798 1459 v.

292 1493 440 1540 1—51⁷
476 1489 591 1528 cuius
617 1488 732 1527 initio
768 1487 838 1538 qui
866 1488 1074 1539 anapaesti
1111 1499 1204 1526 eum
1243 1487 1352 1526 chori
1388 1486 1559 1527 introitu
1594 1486 1799 1526 coniuncti
1835 1517 1841 1523 .

290 1569 312 1596 a
350 1554 554 1595 choreutis
595 1554 853 1593 alternantur
890 1565 922 1592 V.
963 1555 1066 1594 1-6
1099 1552 1340 1592 dividuntur
1369 1552 1573 1592 sententia
1614 1551 1657 1591 in
1698 1552 1799 1591 duas

288 1622 489 1661 trinorum
519 1632 712 1659 versuum
743 1621 879 1671 partes
907 1613 1018 1659 hasz'

1056 1728 1179 1766 Βᾶθι
1213 1724 1325 1778 πρὸς
1354 1720 1480 1773 εὐνὰς

679 1790 754 1842 τὰς
779 1790 1032 1844 Ἑκτορέους
1062 1808 1127 1841 τις
1158 1786 1444 1833 ὑπασπιστῶν

681 1855 901 1912 c'c‘ypisnvog
930 1856 1150 1910 βασιλέως
1178 1853 1208 1913 ἢ
1238 1854 1523 1914 τευχοφόρων.

682 1966 857 2020 δέξαιτο
890 1966 996 2009 νέων
1028 1967 1220 2023 κληδόνα
1250 1964 1410 2020 μύθων

682 2030 731 2075 οἳ
754 2031 1039 2088 τετράμοιρον
1074 2033 1225 2084 νυκτὸς
1255 2033 1457 2090 φυλακὴν

683 2099 827 2156 πάσης
858 2104 1062 2155 στρατιᾶς
1093 2101 1415 2156 προκάθηνται.

295 2226 465 2266 quarum
504 2216 724 2265 utramque
761 2226 783 2253 a
823 2213 997 2264 singulis
1034 2213 1255 2265 parastatis
1285 2212 1502 2252 recitatam
1530 2222 1616 2251 esse
1646 2210 1735 2250 vult
1765 2210 1809 2249 R.

296 2279 522 2320 Arnoldtus
552 2280 575 2319 l.
607 2279 631 2319 l.
661 2292 697 2331 p.
734 2282 807 2321 170
826 2291 922 2331 sqq.⁷
953 2291 1031 2330 quo
1068 2279 1155 2319 loco
1187 2278 1235 2318 de
1272 2278 1349 2317 hac
1376 2276 1527 2329 parodo
1556 2275 1706 2316 diserte
1735 2288 1811 2316 nec

296 2358 377 2386 non
408 2346 618 2396 eleganter
650 2344 885 2398 disputavit.
945 2345 1041 2385 Post
1070 2345 1177 2385 hanc
1206 2343 1401 2396 proodum
1432 2343 1674 2395 bipartitam
1695 2341 1809 2382 dein-

297 2423 390 2463 ceps
421 2411 647 2463 coryphaei,
677 2414 723 2452 ut
753 2423 848 2452 cnm
877 2410 1078 2452 Arnoldto
1108 2410 1328 2459 faciamus,
1366 2408 1583 2460 systemati
1614 2420 1648 2448 v.
1677 2411 1811 2449 7—10

297 2477 515 2530 respondet
544 2476 734 2517 Hectoris
764 2489 797 2517 V.
832 2481 1003 2519 11-14,
1062 2476 1208 2516 Postea
1239 2475 1338 2515 duos
1375 2486 1515 2514 versus
1545 2485 1811 2526 personarum

298 2544 383 2583 vice
413 2542 643 2594 bipartitos:

416 2652 448 2696 s)
476 2650 646 2685 Ceterum
665 2649 693 2683 si
714 2650 794 2693 quis
819 2651 864 2685 ad
882 2654 1148 2686 sententiarum
1167 2648 1437 2694 symmetricani
1455 2659 1549 2692 quae
1569 2648 1716 2682 videtur
1733 2658 1814 2682 con-

299 2707 559 2742 formationem
610 2706 772 2740 animum
819 2707 992 2742 advertat
1033 2707 1142 2741 adeat
1186 2704 1381 2739 Bartholdi
1421 2704 1541 2738 lusum
1583 2703 1813 2748 ingeniosum

300 2765 337 2797 in
370 2775 488 2809 progr.
523 2762 621 2807 quod
646 2762 751 2799 inser.
778 2763 868 2797 Krit.
895 2762 1176 2805 Bemerkungen
1201 2773 1228 2794 z.
1264 2761 1296 2794 d.
1322 2760 1416 2795 Prol.
1457 2772 1490 2794 ul
1525 2760 1557 2796 d.
1586 2759 1744 2794 Parodos
1780 2758 1814 2793 (1.

301 2819 441 2853 Medea.
474 2822 566 2854 1885.
