2110 3279
914 250 1187 289 *58—

293 360 414 399 metri
450 358 580 398 forma
616 369 757 397 omnes
798 358 883 396 iure
924 357 1150 404 haesitant,
1191 367 1443 407 quamquam
1488 357 1621 396 exstat
1663 368 1804 397 versus

294 423 517 464 consimilis
548 420 633 475 Iph.
654 421 697 461 Τ.
720 434 756 460 v.
784 424 880 468 1303
912 422 1053 461 carent
1083 421 1191 461 enim
1223 421 1264 460 hi
1294 432 1436 460 versus
1467 419 1652 470 diaeresi,
1680 433 1806 472 quam

298 501 439 530 omnes
469 489 624 529 habent
652 490 815 540 praeter
843 498 974 526 unum
1003 486 1200 526 Hecubae
1230 498 1265 526 v.
1299 489 1361 534 62,
1390 486 1432 525 in
1462 498 1540 537 quo
1571 488 1680 527 certo
1710 499 1805 527 con-

293 555 381 595 silio
421 555 622 595 diaeresin
666 554 841 594 vitatam
883 565 971 593 esse
1012 552 1078 592 vix
1112 553 1153 592 te
1190 551 1337 603 fugiet,
1380 552 1493 603 leges
1533 553 1805 604 rhythmicae,

291 631 393 672 quas
423 621 630 660 occasione
661 619 758 659 data
789 619 930 659 statim
960 617 1090 658 obiter
1118 618 1302 670 tangam⁷
1330 618 1573 669 migrantur.

400 685 687 725 Paroemiacus
719 685 829 725 enim
858 696 1063 736 nusquam
1092 683 1135 723 in
1165 683 1245 723 arsi
1268 683 1523 736 paenultima
1553 683 1654 723 dua-s
1683 684 1808 724 habet

292 752 445 799 breves,
475 751 591 791 cuius
619 750 678 790 rei
704 762 828 790 causa
858 762 944 790 esse
976 749 1076 789 mihi
1105 749 1278 793 videtur,
1309 749 1415 800 quod
1441 749 1543 789 haec
1568 750 1669 789 arsis
1698 750 1807 789 tem-

290 829 368 869 pus
415 817 626 869 supplens,
672 816 779 867 quod
822 816 873 856 ad
918 815 1193 868 tetrapodiam
1233 815 1506 855 acatalectam
1549 814 1807 856 efficiendam

291 881 568 922 necessarium
600 883 672 930 est,
702 881 745 922 in
774 882 861 934 ipso
894 883 1119 934 systemate
1139 893 1210 933 per
1230 881 1424 931 quattuor
1446 892 1578 921 moras
1600 882 1729 929 sonat,
1760 883 1808 921 ut

292 960 453 1000 semper
485 948 539 987 sit
568 947 815 1000 paroemiaci
845 947 963 988 liberi
993 947 1036 986 in
1066 946 1200 986 medio
1231 947 1457 997 systemate
1487 947 1608 999 positi
1638 947 1806 987 schema

290 1014 407 1054 hoce:
437 1016 504 1046 π
525 1027 593 1058 π
616 1016 683 1045 π
703 1027 772 1056 π
793 1016 857 1044 UT
882 1030 934 1042 =-³
955 1037 1008 1040 —
1037 1012 1101 1063 (cf.
1117 1011 1346 1063 Westphal.
1369 1012 1394 1052 l.
1415 1012 1441 1052 l.
1464 1024 1499 1064 p.
1517 1012 1624 1064 156).
1662 1011 1807 1064 Neque

294 1080 403 1120 enim
442 1080 532 1131 post
567 1079 761 1119 ultimam
795 1078 906 1118 arsin
940 1090 1009 1130 per
1047 1078 1149 1119 duas
1187 1078 1299 1118 sileri
1328 1090 1462 1118 moras
1499 1078 1542 1118 in
1580 1080 1807 1131 systemate

290 1147 377 1198 ipso
399 1158 471 1197 per
498 1157 540 1185 se
562 1146 897 1193 cousentaneum,
924 1144 1031 1196 quod
1053 1143 1214 1184 silentio
1236 1143 1409 1183 duorum
1431 1146 1663 1196 temporum
1677 1145 1806 1184 inter-

291 1211 416 1251 misso
445 1211 650 1251 sententia
681 1209 945 1261 distrahatur,
972 1222 1104 1262 neque
1135 1211 1178 1250 in
1207 1210 1279 1249 illa
1308 1211 1397 1262 ipsa
1425 1209 1507 1249 arsi
1535 1208 1662 1250 fuisse
1681 1211 1807 1250 tonen

293 1275 439 1316 docent
470 1288 613 1316 omnes
643 1288 744 1327 quas
773 1275 941 1327 quidem
971 1277 1148 1316 sciamus
1179 1275 1480 1316 modulationes
1523 1277 1725 1323 musicae,
1765 1276 1808 1315 in

290 1342 439 1394 quibus
476 1343 577 1382 haec
608 1343 712 1382 ratio
742 1354 948 1393 nusquam
978 1342 1164 1382 adhibita
1196 1343 1258 1382 est
1298 1342 1361 1393 (cf.
1393 1341 1672 1382 Bellermann.
1731 1341 1808 1381 Die

290 1408 488 1460 Hymnen
535 1408 605 1448 des
640 1408 863 1459 Dionysius
904 1407 989 1448 und
1027 1407 1285 1448 Mesomedes
1327 1420 1364 1460 p.
1406 1409 1578 1449 70—78.
1617 1407 1807 1458 64—66>.

291 1474 414 1514 Haud
460 1474 601 1525 ignoro
648 1473 832 1514 numeris
872 1486 954 1514 non
1002 1473 1180 1513 nimium
1226 1473 1493 1514 tribuendum
1543 1485 1650 1520 esse,
1702 1472 1808 1524 quod

292 1538 515 1592 perexigua
545 1540 642 1579 sunt
672 1552 775 1591 quae
807 1539 855 1580 de
890 1541 1077 1580 veterum
1107 1539 1229 1579 rebus
1261 1539 1430 1579 musicis
1461 1551 1603 1580 eruere
1637 1538 1810 1589 contigit

291 1605 363 1646 sed
394 1605 437 1645 in
469 1605 526 1645 eis
556 1617 660 1656 quae
691 1607 859 1646 cantata
880 1617 967 1646 esse
989 1605 1162 1645 aliorum
1185 1606 1524 1656 argumentorum
1554 1606 1594 1645 vi
1623 1616 1808 1656 compro-

288 1671 423 1718 batur,
456 1671 734 1723 respiciendae
764 1673 860 1711 sunt
880 1672 993 1722 leges
1014 1671 1283 1723 rhythmicae,
1314 1683 1365 1711 ne
1396 1683 1536 1711 versus
1566 1682 1648 1710 non
1678 1681 1807 1709 unam

288 1736 336 1776 ob
363 1748 530 1776 causam
556 1739 780 1790 suspectos,
809 1738 955 1789 quippe
977 1737 1046 1788 qui
1066 1738 1251 1776 veterum
1274 1736 1353 1777 arti
1375 1736 1556 1776 musicae
1577 1747 1807 1788 repugnare

286 1802 514 1847 videantur,
544 1803 721 1844 intactos
751 1803 1045 1854 relinquamus.

397 1869 532 1909 Redeo
580 1869 691 1909 illuc.
728 1868 931 1909 Numeros
976 1861 1373 1925 (inelegantissimos
1417 1867 1505 1920 Iph.
1546 1867 1588 1907 T.
1631 1879 1664 1906 v.
1709 1870 1806 1909 130:

284 1930 407 1974 πόδα
445 1931 694 1986 παρθένιον
736 1931 860 1973 ὅσιον
892 1928 1017 1980 ὁσίαξΊ
1058 1934 1141 1973 16111
1179 1931 1390 1974 Seidlerus
1425 1935 1589 1974 veretur
1623 1946 1674 1974 ne
1711 1946 1806 1974 nus-

284 2012 407 2048 quam
438 2001 584 2052 tragici
614 2000 866 2041 admiserint.
918 2000 972 2040 Et
1001 2000 1175 2040 coniecit
1204 1998 1265 2038 vir
1294 1999 1490 2040 metricus
1521 2011 1687 2040 versum
1718 2011 1806 2040 esse

285 2067 553 2118 redigendum
589 2068 632 2106 in
670 2067 776 2107 hanc
814 2066 1006 2106 formam:
1050 2059 1172 2105 πόδα
1216 2061 1468 2116 παρθένιον
1503 2060 1629 2112 ὁσίας
1670 2060 1805 2115 ὅσιον,

283 2132 390 2183 quod
438 2134 557 2185 poeta
599 2132 793 2172 ultimam
838 2132 882 2172 in
927 2127 1179 2183 παρθένιον
1217 2131 1426 2183 syllabam
1470 2133 1565 2172 ante
1607 2131 1804 2184 repetitas

283 2209 400 2238 voces
431 2197 653 2250 producere
680 2199 828 2249 posset.
876 2196 934 2236 At
964 2196 1127 2237 omnino
1148 2208 1361 2247 nunquam
1392 2197 1505 2237 ante
1535 2208 1654 2237 voces
1685 2209 1802 2249 repe-

284 2262 383 2303 titas
412 2262 652 2315 producitur
683 2263 854 2314 syllaba,
886 2262 958 2303 sed
988 2263 1059 2302 aut
1089 2264 1185 2302 ante
1214 2261 1474 2302 iterationem
1506 2264 1578 2302 aut
1597 2263 1686 2314 post
1710 2275 1802 2303 eam

281 2340 411 2380 pausa
446 2324 605 2377 λέξεως
633 2328 939 2378 intermittitur,
979 2328 1019 2367 id
1058 2328 1164 2368 esset
1200 2327 1286 2367 loco
1322 2327 1392 2367 illo
1429 2330 1501 2368 aut
1536 2331 1631 2369 ante
1678 2324 1802 2369 ὅσιον

283 2395 355 2434 aut
390 2395 482 2446 post
523 2394 630 2434 hanc
676 2406 815 2434 vocem
860 2393 924 2445 (cf.
954 2393 1178 2434 Hermann.
1215 2392 1344 2433 Elem.
1391 2406 1425 2446 p.
1465 2393 1574 2447 248).
1632 2394 1804 2435 Rectius

283 2459 412 2511 igitur
442 2461 573 2501 altera
593 2459 766 2500 Seidleri
786 2459 1020 2500 coniectura
1044 2460 1175 2500 metro
1197 2459 1408 2499 succurrit.
1453 2458 1670 2510 Proposuit
1693 2459 1803 2500 enim

280 2525 343 2565 vir
378 2526 613 2577 praeclarus
648 2527 691 2566 111
734 2525 997 2566 adnotatione
1041 2524 1230 2566 editionis
1271 2525 1378 2565 hanc
1415 2526 1801 2578 transpositionem:

282 2585 409 2638 ὁσίας
440 2586 564 2630 ὅσιον
589 2587 709 2631 πόδα
739 2587 1004 2642 παρθένιον.
1064 2589 1219 2631 Verum
1255 2591 1399 2630 tamen
1427 2591 1563 2632 minus
1592 2591 1802 2644 probabile

280 2669 358 2697 nec
388 2657 612 2698 verisimile
642 2657 766 2698 verba
795 2657 867 2697 illa
900 2651 1027 2704 ὁσίας
1058 2652 1182 2695 ὅσιον
1213 2668 1260 2697 ex
1288 2655 1405 2696 initio
1435 2668 1575 2697 versus
1604 2657 1646 2697 in
1676 2656 1802 2697 finem

281 2722 442 2763 inverso
472 2722 612 2763 ordine
632 2722 879 2775 pervenisse,
913 2724 961 2763 ut
990 2722 1181 2764 omittam
1211 2716 1332 2768 ὅσιος
1362 2721 1613 2763 adiectivum
1643 2722 1692 2763 de
1723 2721 1801 2762 diis

281 2799 484 2839 nusquam
515 2789 705 2840 usurpari
736 2788 801 2838 (cf.
823 2786 998 2828 Kvicala
1029 2789 1053 2828 l.
1075 2788 1099 2827 1.
1120 2800 1155 2839 p.
1178 2789 1257 2839 22).
1307 2786 1395 2828 Nec
1424 2790 1657 2828 removetur
1677 2799 1798 2828 scru-
